2600 4177
532 162 563 198 C
661 163 697 199 O
792 163 828 199 N

128 242 246 278 Adjutor
258 244 442 274 consiliorum.
463 243 521 273 Cic.
532 253 575 274 ιο.
588 243 677 274 Fam.‘

127 281 280 317 Ambiguus
288 282 402 311 consilii.
422 281 512 311 Tacit.
523 292 549 316 4.
561 281 629 311 Hist.
640 290 687 312 αι.

129 318 232 347 Auctor
240 319 426 349 consiliorum.
448 319 506 348 Cic.
519 327 544 347 2.
561 320 671 349 Att.26.

129 354 195 384 Dux
207 357 383 386 consiliorum
399 358 425 386 δι
442 365 546 385 comes.
587 356 646 386 Cic.
670 357 766 394 Quum
782 358 867 387 etiam
887 358 942 395 ipse
960 357 1054 395 casus,
1074 364 1244 396 eventusque

150 402 258 429 rerum,
279 401 335 423 non
346 394 447 428 duces,
468 393 514 423 sed
526 395 644 424 comites
655 394 831 425 consiliorum
839 396 957 432 fuerint,
979 399 1032 427 ἃς.

129 429 238 467 Expers
249 431 353 460 consilii
364 432 403 461 vis
414 431 488 460 mole
498 432 552 460 ruit
561 431 615 461 sua.
637 432 705 463 Hor.
719 441 743 469 3.
758 433 850 464 Carni.
861 445 887 470 4.
897 438 944 470 65,

130 465 220 498 Fortis
230 468 352 499 consilio.
375 468 434 498 Cic.
449 477 472 503 ς.
492 468 567 499 Fam.
580 479 605 499 2.

130 504 269 535 Imbecilli
281 505 384 535 consilii
396 506 504 536 mulier.
527 507 586 537 Cic.
596 517 647 545 pro
657 507 766 538 Flacco.

130 540 308 580 Improvidus
318 542 434 573 consilii.
455 542 545 574 Tacit.
559 555 583 581 3.
597 545 662 575 l-list.
675 549 718 582 5⁶·

130 576 234 618 Inopes
245 581 358 610 confilii.
380 581 465 612 Ovid.
479 593 504 618 9.
518 580 587 612 Met.
603 592 667 618 745.

131 617 259 647 Minister
267 618 455 649 confiliorum.
480 620 540 650 Cic.
553 630 579 650 2.
592 619 667 650 Fam.
679 628 705 658 7.

130 655 303 685 Moderator.
324 656 384 687 Cic.
399 667 421 687 ι.
435 658 508 687 Fam.
520 668 547 692 9.

130 692 316 727 opportunus
327 695 456 730 consiliis,
477 695 642 726 &Adversus
652 718 661 732 ‚
681 695 744 726 sunt
752 697 898 728 contraria.
921 695 1040 734 Quintil.
1049 695 1248 735 lib.5.cap.1o.

131 729 234 760 Viridis
242 732 367 762 consilio.
389 733 436 762 Sil.
450 733 498 762 lib.
509 742 533 768 3.
546 743 611 769 255.

131 766 309 805 intelligendi
325 770 479 800 consilium.
502 771 561 801 Cic.
572 781 597 808 7.
608 770 727 809 Philipp.
744 781 786 806 19.
807 771 904 809 Turpe
914 772 952 801 est
964 772 1071 802 summo
1086 771 1199 801 consilio
1208 781 1252 801 or-

153 806 195 837 bis
203 812 289 842 terrae,
308 808 455 845 pracsertim
468 809 497 837 in
506 819 534 838 re
545 815 601 839 tam
614 809 767 847 perspicua,
782 810 927 839 consilium
939 809 1114 846 intelligendi
1126 809 1250 839 defuisse.

131 843 423 911 gonsiliaxtemporurn
430 846 507 883 sunt,
530 856 591 884 quae
600 847 630 876 in
639 847 719 876 horas
728 849 894 877 commutari
904 848 991 878 vides.
1013 847 1071 877 Cic.
1086 857 1127 883 14.
1139 848 1191 877 Att.
1204 856 1250 883 23.

156 890 212 916 cre,
276 905 282 912 .
303 893 322 913 A
332 894 349 913 c
357 893 371 913 a
379 894 406 914 a.

132 919 367 951 Amentissimum.
407 921 468 951 Cic.
484 929 511 959 7.
531 921 585 952 Att.
597 931 624 957 9·
654 921 696 952 Ita
720 920 780 952 sum
800 922 976 961 perturbatus
997 922 1154 953 temeritate
1168 920 1253 953 nostri

151 957 330 988 amentissimi
342 959 456 989 consilii.

133 995 283 1025 Arcanum.
304 996 372 1027 Hor.
387 1006 411 1033 3.
425 997 573 1027 Carm.'21.
586 999 630 1028 ιδ.

132 1031 254 1063 Bonum.
295 1034 328 1063 In
348 1044 364 1063 s
372 1045 388 1064 o
397 1044 416 1063 N
425 1045 443 1064 u
451 1044 472 1064 s.

132 1070 274 1100 Calidum.
296 1071 353 1102 Liv.
365 1082 409 1109 35.
423 1081 468 1109 3²·
508 1072 541 1103 V.
562 1081 676 1102 CAcin
687 1079 736 1103 ue.

134 1107 285 1139 Callidum.
323 1110 356 1140 Iri
377 1120 395 1139 c
405 1120 448 1139 Ar.
458 1121 475 1139 r.
484 1121 494 1140 ι
502 1120 521 1140 1>
531 1120 550 1140 υ
559 1119 582 1141 s,

133 1144 242 1175 Celere.
282 1146 312 1176 ln
334 1157 352 1177 c
360 1158 374 1177 iz
382 1156 398 1177 r.
407 1158 423 1178 ii
432 1157 458 1178 a.

133 1182 354 1216 Clandestinum.
394 1186 426 1216 In
448 1195 465 1215 c
474 1197 490 1214 i.
500 1195 520 1214 A
531 1195 550 1215 N
559 1195 578 1214 n
587 1195 615 1216 iis
623 1194 689 1217 TiN
699 1195 748 1216 us.

133 1220 256 1251 Clariora
267 1222 340 1253 luce.
378 1223 412 1253 In
433 1233 451 1253 c
459 1235 476 1252 L
484 1233 504 1252 A
513 1233 531 1252 a.
541 1233 559 1253 u
568 1233 590 1254 s.

133 1257 240 1289 Clausa.
263 1260 322 1291 Cic.
336 1271 359 1297 5.
371 1261 445 1291 Verr.
457 1265 504 1297 63.

133 1296 297 1335 Cognitum.
320 1299 378 1329 Cic.
391 1308 418 1336 7.
430 1299 504 1329 Fam.

132 1334 265 1373 Compar.
288 1336 319 1366 In
341 1346 383 1366 co
392 1348 413 1366 M
421 1347 435 1366 P
445 1346 465 1365 A
474 1346 501 1367 a.

133 1371 282 1403 Excuii'um
293 1376 319 1405 ἃ
332 1375 517 1412 exploratum.
558 1373 648 1404 Valer.
659 1373 734 1404 Max.
748 1374 795 1405 lib.
808 1383 834 1412 7.
851 1385 913 1414 cap.
925 1384 952 1406 ι.
982 1375 1020 1406 de
1039 1374 1172 1415 Scipione
1189 1373 1258 1406 Afri·

153 1419 243 1447 cano,
264 1413 358 1450 Scipio
368 1413 513 1442 Africanus
521 1417 603 1449 turpe
615 1411 669 1441 effe
677 1412 769 1442 aiebat
778 1414 806 1442 in
817 1423 846 1443 re
858 1413 970 1443 militari
988 1414 1080 1443 dicere
1090 1436 1098 1449 ‚
1118 1414 1185 1444 Non
1205 1424 1258 1452 pu-

156 1454 243 1478 taram
254 1459 262 1478 :
283 1450 416 1481 videlicet.
427 1451 492 1487 quia
503 1449 650 1487 explorato
658 1451 684 1480 δι
694 1450 806 1480 excusso
817 1452 934 1481 consilio
944 1474 952 1487 ,
973 1462 1034 1489 quae
1044 1452 1117 1481 ferro
1126 1458 1255 1490 aguntur,

152 1485 337 1518 administrari
348 1493 478 1526 oportere
486 1487 668 1517 arbitrabatur
681 1487 787 1517 summa
797 1490 904 1521 ratione
916 1499 923 1520 z
945 1489 1160 1521 inemendabilis
1178 1491 1256 1521 enim

154 1524 193 1553 est
200 1534 276 1553 error
285 1547 294 1561 ‚
316 1526 364 1563 qui
374 1526 509 1556 violentia
518 1525 618 1555 Martis
628 1527 824 1558 committitur.

133 1560 238 1591 Fidele.
262 1562 321 1593 Cic.
330 1573 356 1594 2.
367 1563 442 1602 Lege
454 1565 514 1602 Agr.
527 1574 551 1598 ς.

132 1597 234 1630 Fidum
244 1606 326 1640 atque
335 1603 496 1640 providens.
518 1600 588 1631 Gell.
596 1600 645 1631 lib.
658 1610 682 1636 3.
693 1611 754 1640 cap.
767 1611 794 1640 7.

134 1637 328 1670 Grandaevum.
351 1640 438 1670 Valer.
459 1640 534 1670 Flac.
544 1648 570 1677 7.
584 1640 688 1678 Argon.
701 1645 766 1677 348.

133 1673 327 1707 Immaturum.
350 1678 425 1708 Suet.
439 1679 506 1716 Aug.
518 1687 580 1716 cap.
594 1683 622 1712 8.

137 1712 289 1745 Incertum.
329 1715 360 1746 V.
384 1725 422 1745 iN
430 1725 448 1745 c
458 1725 473 1745 iz
481 1725 497 1745 a
507 1724 527 1744 τ
536 1725 554 1745 υ
564 1724 586 1745 s.

132 1750 334 1783 Inconsultum.
368 1753 400 1784 V.
422 1765 433 1783 1
444 1763 464 1783 N
473 1763 491 1783 c
501 1763 518 1782 o
526 1763 546 1782 N
556 1763 568 1783 s
576 1763 595 1782 u
605 1762 648 1782 ιτ
656 1762 706 1784 us.

134 1788 270 1820 intimum
282 1791 529 1829 confiliorum,pro
540 1791 673 1821 intimum
683 1790 838 1822 confilium.
860 1787 952 1823 Tacit.
964 1799 1007 1830 ις.
1017 1792 1089 1824 Anii.
1101 1796 1148 1825 61.
1169 1791 1258 1832 Quod

155 1836 214 1858 erat
224 1828 345 1859 saevienti
355 1830 476 1868 principi
488 1830 620 1859 intimum
631 1830 818 1860 consilioiiim.

134 1864 212 1896 Lene
222 1867 367 1897 consilium
379 1869 444 1897 dare
452 1868 545 1897 alicui.
566 1867 634 1896 Hor.
647 1876 671 1903 3.
685 1867 777 1897 Carni.
785 1879 812 1903 4.
822 1877 868 1903 4¹-

135 1903 236 1934 Libera
256 1906 369 1935 consilia
380 1906 512 1935 dicuntur
521 1927 529 1941 ,
550 1903 660 1942 Quibus
681 1905 738 1935 fine
758 1905 920 1936 adulatione
929 1927 937 1941 ‚
958 1906 1063 1936 sincere
1081 1907 1108 1936 &
1127 1907 1259 1938 audacter

152 1951 301 1973 monemus
312 1944 442 1982 aliquem.
465 1944 531 1973 Hor.
544 1943 631 1981 Epod.
647 1953 690 1973 ii.
709 1949 753 1980 38.

215 1980 297 2011 Unde
307 1982 442 2020 expedire
453 1988 511 2011 non
524 1982 679 2011 amicorum
689 1987 793 2019 queant

216 2019 316 2049 Libera
325 2020 446 2050 consilia.

136 2055 246 2087 Malum
254 2058 403 2088 consilium
412 2057 563 2088 consultori
573 2056 720 2095 pessimum
731 2054 904 2087 est.Gell.lib.
911 2066 999 2096 4.cap.
1006 2067 1030 2092 ς.
1040 2056 1257 2089 venusam-or.

134 2094 247 2125 Matura
259 2095 381 2126 consilia.
423 2095 480 2125 Liv.
493 2095 543 2125 lib.
559 2106 586 2130 4.
602 2104 644 2131 13·
668 2095 739 2131 Quae
758 2104 801 2125 res
818 2105 901 2132 euni,
921 2106 975 2126 nec
992 2096 1061 2126 dum
1078 2096 1257 2135 compostus,

136 2133 403 2202 ινῗὲἲῗέζῗέἒὲιῖἓξῗ
414 2133 741 2201 ῦοθωῗῗεῖῑέἓῖῗίῗὲ.
749 2180 789 2200 υ.

135 2209 287 2239 Ordinaria
304 2210 426 2240 consilia.
467 2208 498 2239 V.
520 2220 538 2239 o
546 2219 561 2238 iz
569 2219 587 2238 n
598 2218 634 2238 iN
645 2219 665 2238 A
674 2219 691 2238 R
701 2219 710 2238 i
719 2219 738 2238 υ
746 2218 768 2239 s.

135 2246 278 2287 Particeps
287 2248 404 2278 consilii.
426 2247 486 2277 Cic.
498 2255 524 2277 α,
538 2248 567 2276 in
576 2247 657 2277 Catil.
674 2257 716 2283 14.

134 2284 260 2323 Praeceps
272 2285 403 2315 consiliis.
424 2286 483 2315 Cic.
493 2296 517 2320 ς.
530 2284 650 2323 Philipp.
665 2293 707 2320 37.

134 2322 292 2362 Prudentiae
303 2325 328 2354 ἃ
341 2322 483 2353 fidelitatis
494 2323 578 2361 plena
592 2322 713 2352 consilia.
735 2322 793 2352 Cic.
807 2331 849 2351 10.
866 2321 942 2353 Fam.
952 2333 980 2360 4.

133 2360 382 2391 Praesentissimum.
403 2360 524 2398 Quintil.
537 2361 584 2390 lib.
595 2370 619 2390 2.
634 2370 695 2398 cap.
710 2370 751 2394 13.

135 2397 225 2442 Prima
235 2399 414 2429 confiliorum
426 2421 435 2435 ,
463 2400 481 2428 i.
497 2409 521 2428 e.
543 2399 631 2443 Prima
650 2398 773 2428 consilia.
814 2397 904 2428 Tacit.
913 2408 939 2429 ².
958 2397 1027 2429 Hist.
1042 2406 1085 2429 ιι.
1114 2398 1260 2436 Quoniam

134 2437 402 2505 ptssatssffffill‘liss
406 2448 436 2505 ‘E
445 2436 563 2513 {3323ss
565 2437 718 2510 {03352213’53
736 2479 761 2508 s.
779 2473 870 2517 Aa...
1096 2511 1102 2518 ⁸

134 2512 270 2542 Salutate.
289 2512 465 2582 Hansilium
474 2521 532 2543 non
543 2512 613 2542 utile
623 2512 713 2542 solum
723 2533 731 2548 ,
751 2511 799 2541 scd
808 2519 893 2542 etiam
905 2510 1029 2542 salutare.
1068 2510 1140 2542 Vide
1158 2511 1188 2542 in
1207 2521 1221 2544 s
1230 2523 1241 2544 1
1249 2534 1260 2550 ⁹

176 2561 206 2579 ro
217 2553 267 2580 An.
317 2574 323 2581 .
347 2554 372 2581 't.

134 2561 262 2626 Siipiens.
286 2589 371 2619 Ovid.
391 2597 433 2624 η.
451 2586 520 2619 Met.
533 2596 598 2625 4³3-
752 2625 758 2632 .

134 2625 298 2656 Temerario
306 2627 422 2657 consilio
430 2627 480 2656 uti.
502 2627 605 2657 Paterc.
617 2625 666 2656 lib.
678 2634 704 2656 2.
728 2625 788 2656 Liv.
798 2634 843 2660 ις.
858 2633 901 2661 34.

134 2663 303 2695 Turbidum.
328 2665 405 2695 Curt.
415 2665 464 2694 lib.
477 2674 549 2700 7.4.i
559 2676 580 2694 i.
604 2665 708 2694 Natura
716 2663 877 2693 mortalium
884 2664 940 2693 hoc
949 2671 1061 2701 quoque
1070 2664 1188 2694 nornine
1199 2674 1262 2702 pra>

153 2709 186 2732 va
196 2704 222 2732 ἃ
233 2702 334 2733 sinistra
346 2704 402 2733 dici
413 2702 501 2740 potest
510 2724 518 2738 ‚
536 2703 611 2741 quod
620 2703 649 2732 in
658 2701 828 2739 suo'quisque
838 2703 953 2738 negotio
964 2700 1090 2731 hebetior
1097 2703 1136 2732 est
1146 2724 1155 2738 ,
1174 2712 1259 2740 quam

154 2742 184 2770 in
193 2740 294 2771 alieno.
335 2741 462 2771 Turbida
470 2740 531 2770 sunt
541 2741 653 2770 consilia
663 2750 760 2777 eorum
771 2740 819 2777 qui
830 2740 877 2768 sibi
889 2739 1012 2769 suadent.

134 2777 286 2808 Consilium
296 2779 331 2808 ad
340 2780 447 2809 facinus
456 2786 560 2815 aptum.
605 2779 663 2808 Cic.
675 2787 699 2814 3.
714 2778 743 2806 in
754 2777 832 2807 Catil.
850 2782 891 2807 16.
915 2777 977 2807 Erat
986 2777 1011 2806 ei
1021 2776 1166 2807 consilium
1176 2778 1212 2808 ad
1220 2778 1260 2808 fa-

94 2827 96 2830 *
124 2824 137 2831 “
153 2817 234 2846 cinus
242 2825 355 2853 aptum:
378 2817 494 2846 conlilio
505 2824 600 2846 autem
608 2826 699 2854 neque
715 2816 810 2853 lingua
820 2838 828 2849 ‚
850 2825 941 2853 neque
953 2824 1052 2845 manus
1060 2816 1164 2845 deerat.

135 2853 177 2884 Ex
193 2855 310 2884 consilio
329 2855 446 2890 alicujus
462 2855 528 2884 faeti
547 2856 608 2891 ejus
627 2854 765 2892 judicium
782 2855 882 2883 facere.
924 2853 983 2883 Cic.
997 2863 1020 2883 i.
1036 2853 1111 2883 Fam.
1125 2863 1151 2890 7.
1174 2854 1259 2884 Initio

153 2892 244 2929 scripsi
254 2893 339 2922 torius
347 2893 412 2923 facti
424 2892 464 2922 tui
475 2891 614 2930 judicium
625 2915 634 2929 ‚
655 2902 714 2922 non
722 2898 777 2921 tam
788 2899 824 2921 ex
832 2890 947 2922 consilio
955 2897 1015 2928 tuo,
1037 2901 1120 2930 quam
1130 2901 1165 2921 ex
1175 2897 1260 2923 even.

153 2938 184 2960 tu
193 2930 322 2960 homines
331 2931 385 2961 effe
395 2931 527 2961 facturos.

133 2968 244 2999 Abdita.
284 2968 316 2998 V.
339 2979 383 2998 Au
392 2979 411 2998 D
421 2980 430 2998 ι
439 2978 459 2997 τ
469 2979 486 2997 υ
495 2978 517 2999 s.

131 3006 230 3044 Abesse
241 3006 375 3043 consilio,
395 3016 445 3042 pro
457 3005 609 3036 Consilium
618 3005 749 3043 abjicere.
789 3002 848 3036 Cic.
863 3013 888 3042 7.
907 3006 960 3035 Att.
970 3015 1015 3041 24.
1036 3005 1059 3036 A
1082 3005 1199 3035 consilio
1215 3005 1258 3036 fu-

151 3044 264 3082 giendi,
285 3051 317 3074 ut
328 3053 358 3075 tu
376 3044 489 3080 censes,
509 3043 614 3074 absum.

131 3083 259 3118 AbJ'icere
267 3082 432 3116 confilium,
454 3082 593 3120 Respuere
607 3103 616 3117 ,
638 3081 756 3118 rejicere
768 3103 777 3117 ‚
798 3082 952 3119 repudiare.
973 3080 1031 3111 Cic.
1046 3091 1070 3116 ς.
1086 3081 1139 3111 Att.
1156 3091 1196 3111 rr.

132 3119 281 3151 Abundare
299 3121 325 3150 ἃ
340 3120 427 3158 Egere
437 3120 553 3150 consilio
563 3141 571 3155 ‚
594 3119 742 3149 contraria.
786 3120 845 3150 Cic.
859 3130 902 3149 io.
916 3118 993 3149 Fam.
1007 3122 1050 3149 16.
1078 3119 1257 3158 Quamquam

153 3168 207 3187 cori
213 3157 272 3187 silio
283 3167 342 3187 non
353 3167 416 3196 eges
426 3180 435 3194 ,
455 3158 500 3188 vel
510 3158 636 3188 abundas
646 3158 750 3196 potius.

131 3197 286 3263 Αέεειιιὶιιίιὲ
306 3195 341 3225 ab
359 3196 490 3226 universis
500 3218 509 3233 ‚
536 3197 562 3226 ἃ
585 3196 786 3234 complacitum
807 3195 846 3225 est
870 3194 1020 3226 consilium
1049 3195 1128 3233 quod
1156 3195 1250 3227 dabat.

180 3244 193 3263 e
220 3256 226 3262 .
257 3245 263 3261 ι
287 3256 292 3262 .
305 3243 317 3263 1
342 3255 348 3263 .
384 3244 397 3263 a
423 3257 427 3262 .
463 3254 469 3263 .

130 3239 382 3302 accommodaie.⁰
401 3244 434 3301 in
444 3243 475 3301 ΞΑ
484 3281 502 3301 c
512 3280 529 3300 c
537 3280 553 3300 0
562 3282 583 3300 Μ
592 3281 634 3302 mo
650 3281 668 3299 D
677 3279 703 3300 o.

131 3310 278 3339 Adducere
289 3309 323 3339 ad
335 3309 490 3340 consilium.
513 3309 570 3339 Cic.
587 3319 630 3345 ις.
649 3309 725 3339 Fam.

131 3346 273 3378 Adhibere
287 3347 433 3378 consilium
442 3366 451 3383 ‚
472 3347 518 3377 vel
528 3348 564 3377 ad
575 3369 584 3384 ,
604 3347 649 3378 vel
668 3347 698 3376 in
719 3343 874 3377 consilium.
896 3345 957 3376 Cic.
969 3354 995 3377 2.
1009 3345 1085 3377 Fam.
1103 3354 1129 3383 7.
1147 3345 1180 3377 V.
1201 3355 1259 3378 Anu

153 3396 173 3415 ri
182 3397 191 3414 r
201 3396 214 3414 is
224 3395 237 3414 iz
246 3395 275 3415 o.

133 3424 282 3459 Adjuvare.
323 3422 353 3452 In
376 3432 421 3451 An
431 3433 497 3458 Juv
506 3433 534 3452 o.

131 3461 335 3491 Administrare.
359 3457 479 3498 Quintil.
490 3460 539 3490 lib.
551 3469 574 3495 ς.
585 3467 647 3499 cap.
657 3469 700 3497 14.

132 3499 284 3529 Admisceri
302 3499 347 3528 ad.
385 3499 417 3528 ln
437 3508 456 3528 A
464 3508 483 3527 o
492 3509 513 3528 M
521 3509 530 3527 ι
541 3508 553 3528 s
562 3508 578 3528 c
586 3508 600 3528 iz
608 3508 636 3529 o.

132 3537 287 3566 Admittere
297 3537 335 3566 in.
376 3536 409 3566 In
429 3545 476 3565 At>
485 3547 507 3565 Μ
517 3547 526 3564 ι
537 3545 556 3565 τ
564 3545 584 3565 τ
592 3545 619 3566 o.

133 3575 248 3604 Admitti
258 3574 301 3603 ad.
342 3573 374 3603 In
398 3583 418 3602 A
426 3584 445 3603 D
454 3584 475 3602 Μ
484 3585 492 3603 ι
501 3583 521 3603 ἰ·
530 3583 550 3602 Τ
559 3584 586 3603 o.

134 3611 238 3641 Afferre
248 3611 341 3642 alicui.
381 3611 440 3642 Cic.
456 3621 498 3646 ις.
511 3614 564 3642 Att.
579 3621 602 3642 1.

155 3659 240 3684 ouum
249 3649 305 3687 ipsc
315 3658 410 3687 egeam
421 3649 536 3679 consilio
544 3651 558 3678 ἰ)

131 3687 279 3755 Afferrein1
284 3687 422 3725 templum
433 3687 580 3718 consilium
588 3686 663 3717 furti.
684 3686 806 3724 Quintil.
817 3685 864 3717 lib.
878 3696 905 3723 4.
919 3696 979 3726 cap.
992 3695 1019 3717 2.

134 3726 153 3755 A
175 3732 231 3754 ere.
282 3735 300 3754 n
320 3735 341 3754 A
350 3735 369 3754 G
379 3736 405 3755 o.

132 3736 242 3801 Agitare
252 3763 323 3792 mala
333 3763 455 3795 consilia.
476 3763 542 3793 Seri.
556 3762 639 3801 Epist.
654 3768 697 3792 ιο.

132 3803 279 3832 Amittere.
320 3800 350 3830 ln
371 3811 391 3830 A
401 3812 422 3830 Μ
432 3812 442 3830 ι
451 3812 469 3830 τ
478 3811 497 3830 τ
507 3812 534 3830 o.

132 3840 268 3870 Amovere
284 3838 395 3868 consilia
404 3838 481 3869 caffa.
507 3839 571 3868 Seri.
582 3834 724 3868 Troad.6.

133 3877 281 3915 Amplec'ti.
322 3875 352 3905 ln
373 3886 613 3907 AMPLBCTOP..

133 3916 246 3953 Aperire
257 3913 365 3943 confilii
379 3914 479 3944 fontes.
502 3914 561 3944 Cic.
574 3914 608 3942 ad
620 3913 693 3943 Brut.
710 3921 752 3942 ιο.

134 3953 259 3984 Aisentiri
274 3950 399 3983 consilio.
421 3953 480 3982 Cic.
494 3962 535 3983 ιι.
550 3952 624 3982 Fam.

171 4026 219 4059 Vo
229 4036 256 4061 ι.
276 4024 298 4059 l.

627 3611 706 3649 Quid
725 3612 802 3642 enim
820 3610 861 3640 illi
878 3610 976 3642 afferoe
994 3610 1102 3642 consilii
1123 3611 1252 3651 possum,

1710 163 1741 198 C
1835 163 1870 198 O
1966 162 2001 198 N
2393 172 2463 214 659

1339 243 1487 274 Affumere.
1525 244 1558 273 ln
1580 253 1599 273 A
1607 253 1619 273 s
1629 254 1641 273 s
1650 254 1669 273 u
1680 255 1699 274 Μ
1709 254 1735 274 o.

1340 282 1447 319 Capere
1460 282 1613 311 consilium.
1636 282 1694 312 Cic.
1712 292 1754 311 ii.
1772 282 1904 316 Famao.

1341 320 1446 356 Capere
1457 329 1559 348 novum
1572 320 1726 349 consilium.
1750 320 1779 349 C.
1793 320 1889 357 Nepos
1903 324 1945 354 18.
1955 324 1981 354 8.

1342 356 1449 394 Capere
1459 365 1493 385 ex
1505 363 1640 394 tempore.
1662 358 1722 387 Cic.
1733 368 1759 386 2.
1776 357 1832 388 Off.
1845 367 1890 393 33.

1341 394 1449 431 Capere
1459 394 1616 429 consilium,
1638 405 1702 424 cum
1714 395 1863 425 Infinitivo.
1905 394 1963 424 Cic.
1977 404 2002 430 4.
2015 393 2088 424 Verr.
2099 403 2146 431 41.
2168 394 2250 433 Capit
2259 397 2414 437 confilium,
2426 400 2463 432 de

1360 433 1515 460 amicorum
1530 433 1556 460 Sc
1568 433 1788 469 propinquorum
1796 432 1942 467 sententia,
1952 441 2010 461 non
2024 432 2114 462 adeffe
2125 433 2159 462 ad
2174 434 2321 469 judicium..

1342 468 1448 505 Capere
1460 469 1614 505 perniciosa
1627 470 1742 506 alicujus
1752 471 1793 500 rei
1805 470 1928 501 consilia.
1951 470 2009 500 Cic.
2021 480 2072 509 pro
2084 471 2175 501 Domo
2188 481 2250 509 114.

1342 506 1496 543 Capeffere.
1538 505 1569 535 ln
1590 516 1608 535 o
1618 517 1637 536 A
1647 517 1660 536 P
1670 517 1702 536 RS
1711 518 1723 537 s
1731 519 1758 539 0.

1342 543 1471 581 Captare.
1512 543 1545 572 In
1566 553 1583 572 c
1593 554 1612 572 A
1622 554 1636 572 ι’
1645 553 1664 573 'r
1673 554 1699 575 o.

1342 580 1440 611 Clausa
1449 581 1550 610 habere
1560 581 1681 611 consilia.
1722 580 1755 612 ln
1775 592 1793 612 c
1803 594 1819 612 ι.
1828 593 1847 612 A
1857 593 1877 612 u
1886 592 1905 612 D
1917 592 1944 613 ο.

1344 618 1533 648 Conimiscere
1546 628 1621 649 cum.
1662 620 1694 649 ln
1716 630 1734 649 c
1743 630 1760 649 o
1770 632 1789 649 Μ
1801 631 1821 649 Μ
1831 632 1839 649 ι
1848 630 1861 650 s
1871 629 1888 650 c
1900 630 1913 649 ε
1922 631 1950 651 o.

1343 656 1599 685 Coiiiniunicatum.
1635 656 1669 685 In
1688 667 1705 686 e
1715 667 1731 685 o
1740 669 1760 687 Μ
1771 668 1791 686 Μ
1802 668 1820 687 υ
1829 667 1851 687 N
1859 669 1869 687 ι
1881 667 1898 688 c
1906 667 1934 688 ο.

1344 694 1535 723 commutare.
1557 693 1616 723 Cic.
1633 703 1676 729 14.
1693 696 1746 724 Att.
1760 704 1806 725 ²0.

1344 730 1488 761 Conferre.
1511 730 1574 760 Ter.
1587 729 1688 761 Heaut.
1701 742 1725 767 3.
1740 742 1763 762 ι.
1773 737 1818 768 ⁶4·

1345 768 1517 798 Confirmare
1528 768 1680 798 consilium.
1701 770 1759 799 Cic.
1771 779 1795 799 2.
1809 771 1884 801 Fam.
1899 779 1924 801 ι.

1345 806 1539 843 Confringere.
1569 806 1601 835 Iri
1626 816 1668 835 co
1678 816 1697 835 N
1708 818 1721 836 p
1731 817 1746 836 R
1756 818 1766 835 τ
1775 818 1793 837 Ν
1804 818 1822 837 c
1834 818 1861 838 o.

1344 844 1546 879 Conjunctum.
1588 843 1620 873 ln
1642 854 1660 873 c
1669 854 1686 873 o
1697 854 1715 873 N
1725 855 1736 879 J
1747 855 1764 874 υ
1774 855 1793 874 N
1801 856 1820 874 G
1829 856 1856 875 o.

1346 881 1527 918 Conjungere
1538 881 1683 911 consilium
1695 883 1778 912 unius
1791 893 1856 912 cum
1869 882 1982 914 alterius
1992 884 2117 915 confiliO.
2139 885 2197 916 Cic.
2210 896 2237 922 4.
2253 886 2329 918 Fam.
2345 896 2373 919 α.

1346 919 1475 948 Consistit
1485 919 1643 948 confilium.
1683 920 1742 949 Cic.
1755 926 1781 954 8.
1800 922 1856 950 Att.
1871 931 1912 951 ιι.
1927 931 1968 959 pr.
2000 922 2086 959 Quod
2102 933 2148 953 me
2164 933 2264 962 magno
2283 927 2369 956 animi
2389 933 2468 959 motu

1365 957 1561 994 perturbatum
1579 963 1680 995 putas,
1700 956 1760 986 sum
1780 958 1929 994 equidem:
1959 958 2005 988 sed
2027 970 2085 989 non
2105 968 2160 990 tam
2176 971 2296 1000 magno,
2317 974 2399 999 quam
2417 966 2469 996 tibi

1366 994 1477 1024 fortasse
1491 995 1599 1024 videor.
1637 994 1755 1024 Levatur
1768 997 1844 1025 enim
1858 997 1950 1026 omnis
1967 1007 2034 1027 cura
2045 1020 2053 1032 ‚
2074 1008 2160 1035 quum
2179 1009 2227 1029 aut
2243 1001 2365 1031 consistit
2381 1004 2468 1033 confi-

1364 1030 1453 1067 lium,
1476 1039 1523 1062 aut
1530 1032 1683 1069 cogitando
1693 1032 1764 1062 nihil
1775 1033 1940 1072 explicatur.
1980 1035 2056 1064 Tum
2066 1036 2187 1066 consistit
2195 1039 2340 1069 consilium
2352 1062 2360 1075 ‚
2381 1051 2468 1078 quum

1365 1071 1517 1109 cogitando
1527 1071 1632 1107 aliquid
1643 1070 1863 1108 explicavimus:
1885 1071 1957 1101 nihil
1978 1072 2151 1110 explicatur;
2174 1077 2249 1113 quod
2265 1076 2395 1108 Ciceroni
2407 1087 2468 1109 tum

1367 1109 1525 1144 acciderat3
1548 1109 1670 1145 ideoque
1680 1109 1825 1139 levabatur
1835 1118 1910 1140 cura.
1949 1109 1992 1140 Al.
2013 1111 2152 1143 Constitit.

1348 1145 1527 1176 consociare.
1567 1146 1600 1176 In
1621 1156 1638 1175 c
1646 1156 1663 1175 o
1672 1156 1690 1175 N
1698 1156 1712 1176 s
1721 1157 1738 1176 o
1746 1157 1765 1176 c
1776 1158 1784 1176 i
1795 1157 1822 1177 o.

1349 1184 1533 1214 constituere.
1576 1184 1608 1214 In
1629 1194 1646 1213 c
1655 1194 1673 1213 o
1681 1194 1702 1213 N
1712 1195 1724 1214 s
1732 1194 1752 1214 τ
1760 1196 1770 1214 ι
1778 1195 1799 1214 '1‘
1808 1195 1828 1214 u
1838 1195 1866 1215 o.

1349 1221 1531 1251 Confirmere.
1552 1221 1617 1251 Ter.
1633 1223 1715 1252 Andr.
1733 1233 1756 1252 i.
1771 1233 1793 1252 ι.
1809 1231 1870 1260 ¹32·

1348 1258 1513 1290 Convocare
1523 1260 1552 1288 in
1565 1260 1690 1290 animum
1703 1260 1824 1291 consilia.
1864 1260 1897 1291 In
1917 1269 1986 1291 eoN
1995 1269 2014 1292 v
2023 1270 2040 1291 o
2050 1271 2102 1292 co.

1349 1296 1487 1335 coquere.
1528 1297 1560 1328 In
1581 1307 1678 1334 coqu
1685 1308 1711 1329 ο.

1349 1334 1544 1374 corrumpere.
1586 1335 1618 1365 ln
1640 1347 1657 1365 c
1667 1346 1684 1365 o
1692 1346 1708 1365 R
1718 1346 1733 1365 a.
1743 1345 1762 1366 u
1771 1347 1793 1366 M
1802 1345 1851 1366 1²0.

1349 1371 1470 1403 Credere
1480 1374 1563 1403 alicui
1572 1372 1619 1403 sua
1630 1374 1752 1405 consilia.
1792 1374 1825 1404 In
1845 1383 1888 1404 cit
1896 1383 1912 1403 a
1920 1384 1940 1404 n
1948 1383 1976 1405 o.

1348 1411 1431 1441 Dare.
1453 1410 1518 1441 Ter.
1532 1412 1614 1441 Andr.
1629 1421 1655 1441 2.
1668 1422 1729 1447 i.e.

1349 1449 1423 1480 Dare
1435 1451 1528 1479 minus
1536 1449 1622 1478 fidele
1632 1449 1726 1480 alicui.
1751 1450 1809 1480 Cic.
1818 1459 1869 1488 pro
1880 1449 1992 1481 Cluent.
2004 1454 2049 1487 85.

1349 1487 1424 1518 Dare
1434 1487 1587 1517 secundum
1600 1498 1700 1518 mores.
1723 1489 1842 1525 Quintil.
1856 1488 1904 1517 lib.
1918 1498 1941 1524 3.
1951 1498 2012 1527 cap.
2026 1494 2054 1524 8.

1348 1525 1422 1556 Dare
1431 1525 1538 1563 aliquid
1547 1525 1602 1555 loci
1613 1527 1711 1555 rationi
1721 1526 1881 1556 &consilia
1902 1525 1960 1556 Cic.
1973 1537 2025 1566 pro
2039 1527 2138 1565 Quint.
2153 1536 2198 1566 53.

1349 1563 1448 1593 Deeffe
1459 1563 1543 1593 alicui
1554 1563 1678 1593 consilio.
1701 1564 1759 1594 Cic.
1770 1569 1796 1594 6.
1814 1565 1890 1594 Fam.

1349 1601 1472 1631 Dictare.
1494 1602 1557 1631 Seri.
1572 1603 1664 1639 Agam.
1678 1614 1704 1637 4.
1722 1611 1763 1638 ¹³·
1804 1603 1822 1631 i.
1833 1612 1857 1632 e.
1879 1602 2037 1641 Exponere.

1349 1639 1514 1678 Discrepare
1523 1649 1547 1669 a.
1569 1639 1628 1669 Cic.
1642 1650 1684 1669 ro.
1702 1640 1776 1670 Fam.
1786 1651 1813 1676 4.

1349 1676 1520 1708 Dominatur
1534 1678 1680 1707 consilium
1690 1679 1719 1707 in
1732 1684 1794 1707 toto
1805 1687 1934 1716 corpore.
1957 1678 2068 1710 Lucret.
2085 1689 2110 1718 3.
2124 1688 2186 1717 139.

1350 1715 1440 1753 Egere
1451 1738 1460 1751 ‚
1483 1717 1513 1745 V.
1538 1715 1684 1745 Abundare
1696 1716 1820 1746 consilio.

1349 1752 1502 1783 Enuntiare
1513 1753 1626 1784 consilia
1635 1754 1773 1784 sociorum
1783 1753 1951 1784 adversariis.
1973 1754 2032 1785 Cic.
2045 1763 2097 1794 pro
2108 1754 2188 1787 Rosc.
2202 1756 2293 1788 Amer.
2308 1766 2369 1795 ¹17.

1350 1790 1412 1821 Effe
1424 1792 1547 1821 consilio.
1570 1791 1628 1821 Cic.
1640 1802 1666 1822 2.
1683 1793 1719 1822 de
1730 1793 1839 1822 invent.

1350 1829 1446 1859 Tuum
1456 1829 1602 1859 consilium
1614 1830 1651 1859 est
1661 1851 1670 1865 ‚
1692 1840 1785 1861 meum
1796 1829 1944 1860 confilium
1954 1831 2002 1867 est,
2023 1832 2041 1861 i.
2054 1840 2079 1861 e.
2102 1831 2282 1870 Relinquitur
2291 1833 2404 1864 consilio
2413 1840 2472 1871 tuo„

1371 1868 1424 1897 δίε.
1464 1867 1521 1898 Cic.
1534 1871 1575 1897 16.
1592 1867 1666 1898 Fam.
1683 1876 1707 1904 3.
1729 1869 1758 1900 si
1773 1877 1868 1898 autem
1882 1869 2060 1907 posteaquam
2074 1870 2170 1900 cibum
2179 1871 2284 1908 cepisti,
2306 1873 2408 1902 videris
2422 1875 2475 1903 tibi

1368 1914 1417 1935 me
1430 1905 1509 1943 poffe
1521 1904 1674 1941 consequi,
1695 1915 1774 1936 tuum
1790 1906 1938 1936 consilium
1955 1908 2002 1936 est.
2044 1908 2122 1937 idem
2137 1919 2175 1943 14.
2198 1909 2272 1938 Fam.
2288 1919 2328 1945 14.
2355 1911 2475 1942 Vestrum

1370 1944 1426 1980 jam
1439 1943 1585 1973 consilium
1596 1944 1650 1979 est,
1671 1954 1729 1974 non
1738 1944 1827 1974 solum
1839 1954 1935 1974 meum
1946 1966 1955 1981 ,
1975 1945 2042 1982 quid
2053 1945 2084 1975 sit
2095 1946 2174 1976 vobis
2183 1946 2351 1977 faciendum.

1350 1980 1503 2011 Consilium
1523 1981 1562 2011 est
1576 1983 1613 2011 ita
1630 1982 1720 2012 facere
1730 2004 1739 2018 ,
1760 1984 1908 2021 expectare
1922 2002 1931 2018 .,
1963 1985 2014 2013 &a
2058 1983 2144 2013 Plaut.
2164 1984 2225 2014 Mil.
2243 1995 2268 2014 2.
2289 1995 2311 2020 3.
2334 1995 2379 2023 73.
2419 1987 2437 2016 i.
2451 1997 2476 2018 e.

1370 2019 1504 2057 Proposni
1514 2021 1539 2049 &
1550 2020 1671 2050 decrevi.
1704 2019 1762 2050 Cic.
1776 2031 1800 2057 ς.
1814 2022 1867 2050 Aet.
1882 2031 1906 2056 ς.
1932 2020 1972 2050 lbi
1982 2021 2059 2051 enim
2070 2022 2259 2060 Pomptinium
2270 2024 2304 2052 ad
2315 2033 2377 2053 eam
2388 2024 2476 2061 diem„

1371 2066 1453 2094 quam
1465 2064 1494 2087 tu
1504 2057 1647 2095 scripsisti,
1669 2060 1818 2096 expectare
1828 2058 1974 2089 consilium
1984 2060 2031 2090 est.
2074 2059 2162 2098 Quod
2170 2060 2224 2090 alio
2234 2061 2297 2091 loco
2316 2062 2401 2098 dicit,
2425 2063 2479 2093 De..

1370 2094 1517 2124 liberatum
1530 2096 1568 2125 est
1583 2096 1657 2134 apud
1666 2106 1720 2126 me.

1351 2132 1397 2163 Est
1408 2140 1502 2163 autem
1513 2134 1592 2163 vestri
1603 2134 1709 2163 consilii
1721 2156 1731 2169 ,
1751 2133 1779 2164 P.
1792 2134 1825 2164 C.
1847 2134 1876 2164 in
1897 2133 2037 2172 posterum
2049 2145 2131 2172 quam
2150 2135 2308 2174 longissime
2318 2138 2475 2176 providere.

1371 2171 1430 2200 Cic.
1442 2180 1467 2208 7.
1481 2171 1600 2210 Philipp.
1615 2181 1657 2208 ις’.
1698 2172 1739 2202 Al.
1762 2172 1863 2202 Nostri.
1886 2173 1904 2200 i.
1914 2182 1939 2202 e.
1965 2174 2118 2203 Prudentiae
2130 2175 2231 2204 vestrae.

1350 2208 1615 2247 Magniconsiliiest
1625 2209 1693 2247 quid
1703 2209 1866 2240 faciendum
1878 2210 1920 2239 lit.
1961 2210 2019 2240 Cic.
2037 2221 2078 2246 ις.
2095 2215 2148 2241 Att.
2166 2222 2208 2242 12.
2240 2212 2295 2241 Sed
2316 2213 2382 2251 quid
2404 2215 2477 2245 aetati

1371 2248 1548 2277 credendum
1561 2248 1592 2277 sit
1605 2269 1614 2283 ,
1634 2247 1703 2285 quid
1716 2248 1843 2284 nomini,
1864 2248 1932 2286 quid
1947 2247 2119 2283 haereditati.
2142 2251 2192 2280 &c
2202 2251 2295 2288 magni
2308 2252 2416 2282 confilii
2427 2253 2474 2284 est.

1350 2284 1533 2315 Excluderes
1549 2295 1594 2315 em
1605 2286 1682 2324 pacis
1694 2296 1709 2315 a
1723 2286 1838 2315 consilio
1847 2286 1971 2324 publico.
1994 2286 2053 2317 Cic.
2066 2288 2102 2317 de
2109 2287 2182 2318 Clar.
2195 2289 2272 2318 Orat.
2286 2298 2346 2326 329.

1351 2322 1458 2360 Exequi
1468 2333 1524 2353 con
1536 2324 1623 2353 ilium.
1647 2323 1714 2353 Ter.
1725 2324 1833 2353 Phorm.
1846 2333 1871 2354 a.
1887 2335 1914 2359 4.
1931 2333 1976 2359 or.

1351 2361 1491 2391 Eximere.
1517 2361 1545 2391 h.
1561 2371 1585 2392 e.
1606 2361 1735 2392 Adimere
1748 2383 1758 2397 ‚
1779 2363 1806 2392 ἃ
1824 2361 1911 2392 veluti
1925 2360 2047 2393 differre.
2070 2362 2161 2394 Rhen.
2186 2365 2215 2393 in
2235 2365 2333 2404 Castig.
2347 2367 2376 2397 in
2386 2366 2476 2399 Tacit.

1375 2409 1386 2429 i
1396 2409 1418 2428 r.
1435 2401 1505 2429 Ann.
1521 2403 1567 2429 τό.

1351 2436 1542 2475 Expectantur
1553 2440 1583 2466 in
1594 2436 1676 2467 rebus
1685 2437 1794 2476 magnis
1805 2459 1813 2474 ‚
1837 2437 2027 2475 memoriaque
2040 2438 2132 2476 dignis
2143 2441 2257 2471 confilia
2263 2442 2387 2479 primum
2396 2464 2405 2478 ,
2426 2443 2475 2473 dc=

1371 2475 1439 2504 inde
1452 2477 1512 2505 acta
1524 2497 1532 2510 ‚
1554 2475 1649 2514 postea
1659 2482 1785 2506 eventus.
1807 2475 1866 2505 Cic.
1879 2485 1904 2505 2.
1915 2477 1951 2505 de
1962 2476 2040 2506 Orat.
2057 2481 2102 2513 ⁶3·

1351 2512 1524 2551 Expeditum
1536 2514 1666 2552 privatim
1675 2513 1832 2543 consilium.
1854 2512 1945 2543 Tacit.
1955 2523 1981 2543 2.
1996 2514 2063 2544 flist.
2078 2525 2120 2548 52-
2135 2521 2205 2545 extr.

1351 2551 1508 2589 Explicare.
1537 2551 1595 2581 Cic.
1612 2561 1654 2586 14.
1669 2552 1744 2581 Fam.
1760 2561 1801 2581 η.
1825 2551 1925 2581 Metuo
1935 2562 1971 2581 ne
1979 2552 2008 2581 id
2019 2552 2125 2583 consilii
2136 2556 2308 2590 ceperimus,
2330 2558 2406 2593 quod
2417 2568 2476 2588 non

1371 2588 1455 2619 facile
1463 2589 1605 2627 explicare
1616 2589 1757 2628 poffimus.
1798 2589 1864 2619 Caes.
1879 2599 1903 2619 1.
1914 2589 1981 2620 Bell.
1993 2589 2074 2620 Civil.
2089 2597 2133 2628 78.
2155 2590 2197 2622 Ibi
2217 2594 2243 2623 se
2254 2595 2391 2632 reliquum
2408 2606 2476 2627 cone

1371 2627 1463 2657 silium
1473 2637 1505 2657 ex
1528 2627 1660 2657 licaturos
1669 2626 1861 2658 confidebant.
1903 2627 1943 2657 Al.
1964 2626 2141 2666 Expleturos.

1352 2665 1491 2703 Expetere
1516 2675 1567 2695 ana
1578 2665 1703 2695 consilia.
1724 2666 1823 2696 Senec.
1835 2666 1949 2704 Hippol.
1960 2676 1986 2696 v.
2000 2672 2063 2701 180-
2102 2668 2143 2698 Al.
2166 2670 2311 2708 appetere.

1353 2704 1469 2742 Expetit
1479 2704 1590 2733 animus
1600 2702 1788 2733 tutaconsilia.
1810 2705 1874 2734 Seri.
1884 2706 1982 2742 rigam.
1995 2714 2021 2734 v.
2035 2711 2097 2740 108.

1354 2742 1512 2780 Exponere.
1534 2741 1593 2771 Cic.
1608 2751 1632 2778 3.
1647 2742 1721 2772 Fam.
1733 2753 1757 2778 5.

1353 2779 1514 2817 Exquirere.
1555 2779 1614 2809 Cic.
1624 2791 1652 2816 4.
1669 2780 1746 2810 Fam.
1758 2788 1784 2808 ε.
1806 2779 1893 2817 Quod
1907 2788 2002 2810 meum
2012 2779 2160 2812 confilium
2170 2784 2301 2821 exquiris,
2321 2785 2350 2816 id
2362 2786 2400 2817 est
2409 2786 2474 2823 tale,

1373 2825 1403 2847 ut
1415 2827 1515 2855 capere
1525 2817 1702 2856 faciliusipse
1717 2817 1816 2856 possim
1827 2840 1835 2853 ,
1859 2826 1942 2854 quam
1954 2818 2031 2849 alteri
2044 2819 2119 2850 dare.

1351 2856 1532 2894 Extorquere.
1557 2856 1654 2894 Lepid.
1668 2856 1726 2886 Cic.
1742 2866 1785 2886 io.
1798 2856 1872 2886 Fam.
1884 2867 1911 2892 4.

1352 2893 1454 2924 Facere
1463 2894 1586 2930 aliquem
1597 2900 1705 2924 certum
1715 2893 1755 2924 sui
1766 2893 1882 2924 consilii.
1906 2892 1989 2924 Ovid.
2003 2904 2045 2925 ir.
2060 2895 2130 2926 Met.
2144 2906 2209 2934 415.

1352 2932 1454 2962 Facere
1465 2932 1571 2961 consilii
1583 2932 1704 2969 copiam.
1729 2932 1787 2962 Cic.
1804 2941 1827 2969 3.
1842 2932 1878 2961 de
1888 2932 1965 2962 Orat.
1980 2941 2041 2969 13¹·

1352 2970 1449 3000 Fracta
1459 2992 1466 3005 ,
1488 2970 1642 3008 &impulsa
1656 2970 1728 3000 satis.
1750 2970 1818 3000 Stat.
1830 2981 1855 3005 4.
1870 2964 1961 3000 Theb.
1974 2980 1999 3005 3.

1353 3008 1456 3038 Gerere
1468 3009 1573 3045 aliquid
1583 3008 1706 3038 consilio.
1729 3008 1848 3045 Quintil.
1861 3008 1909 3038 lib.
1921 3020 1944 3044 ς.
1957 3018 2017 3047 cap.
2032 3018 2074 3045 ¹4.

1351 3046 1463 3076 Habere
1473 3046 1618 3075 confilium
1629 3047 1673 3075 de.
1697 3046 1767 3084 Virg.
1785 3057 1810 3082 9.
1829 3046 1887 3075 [ΕΠ.
1902 3054 1965 3078 227.
2272 3082 2275 3084 ι

1434 3084 1586 3114 Consilium
1596 3083 1708 3114 summis
1719 3086 1796 3121 regni
1807 3085 1842 3113 de
1853 3084 1933 3114 rebus
1941 3080 2090 3114 habebant.
2180 3085 2198 3115 i.
2215 3095 2240 3116 e.
2262 3086 2472 3122 consultabant.

1352 3121 1464 3153 Habere
1480 3122 1542 3152 satis
1552 3123 1697 3152 consilium
1708 3123 1743 3152 de
1756 3122 1892 3159 realiqua.
1934 3122 1992 3152 Cic.
2006 3132 2047 3152 12.
2066 3124 2118 3152 Att.
2136 3134 2177 3157 ςο.
2189 3132 2257 3154 extr.
2283 3122 2342 3164 Ipse
2353 3129 2473 3160 Romam

1371 3161 1496 3190 venirem
1511 3178 1520 3197 ι,
1541 3168 1572 3191 nt
1580 3170 1636 3190 una
1647 3160 1764 3190 effemus
1776 3182 1784 3193 ,
1805 3160 1822 3189 si
1840 3160 1902 3189 satis
1916 3160 2059 3190 eonsilium
2078 3162 2196 3198 quadam
2214 3163 2249 3192 de
2267 3174 2296 3194 re
2312 3165 2471 3198 haberetur,

1371 3199 1491 3234 Quintil.
1502 3208 1526 3235 7.
1542 3208 1567 3235 3.
1589 3198 1698 3228 Scelera
1708 3208 1765 3227 non
1775 3198 1876 3227 habere
1887 3198 2031 3227 consilium
2042 3219 2049 3233 ‚
2073 3199 2155 3235 vulgo
2167 3201 2276 3229 dicitur.

1351 3235 1462 3266 Habere
1473 3238 1581 3266 exitum
1594 3237 1698 3266 dicitur
1708 3234 1865 3271 consilium,
1887 3245 1973 3273 quum
1984 3235 2110 3265 succedit
2120 3238 2196 3273 quod
2208 3238 2355 3270 voluimus.
2381 3241 2472 3280 Cic.7.

1370 3275 1426 3304 Att.
1442 3284 1484 3304 ιι.
1506 3275 1545 3304 Ex
1557 3274 1731 3304 sermonibus
1741 3284 1839 3304 eorum
1855 3283 1925 3311 quos
1942 3276 2081 3304 convenio
2094 3296 2103 3310 ‚
2122 3276 2234 3306 videtur
2251 3276 2308 3308 hoc
2325 3279 2473 3311 consilium

1371 3313 1479 3342 exitum
1489 3313 1659 3342 habiturum.

1349 3347 1500 3388 impedire.
1522 3351 1580 3380 Cic.
1599 3360 1639 3387 ¹3-
1663 3350 1736 3379 Fam.

1349 3387 1505 3426 Impertire.
1528 3389 1586 3419 Cic.
1602 3399 1625 3425 ς.
1645 3388 1717 3418 fam.
1733 3395 1760 3417 a.

1348 3425 1497 3457 inclinare.
1538 3427 1568 3456 ln
1590 3437 1599 3455 i
1609 3436 1631 3455 N
1640 3435 1657 3454 c
1666 3437 1681 3454 ι
1691 3436 1699 3454 ι
1708 3435 1728 3453 N
1738 3433 1765 3454 o.

1349 3463 1488 3494 Indicare.
1512 3463 1569 3495 Cic.
1584 3474 1626 3494 ιο.
1639 3464 1714 3493 Fam.
1726 3473 1770 3493 ει.

1350 3500 1433 3531 inire.
1457 3503 1526 3539 Nep.
1543 3507 1568 3533 6.
1580 3511 1604 3538 3.
1626 3502 1684 3531 Cic.
1699 3512 1724 3536 9.
1750 3500 1824 3530 Fam.
1837 3509 1882 3536 ²4·
1895 3509 1937 3539 pr.

1350 3540 1533 3578 Insperatum.
1573 3540 1604 3569 ln
1638 3550 1647 3568 ι
1655 3549 1674 3568 N
1684 3549 1695 3568 s
1704 3547 1718 3567 Β
1728 3548 1742 3567 iz
1750 3548 1765 3566 R
1774 3548 1794 3567 A
1802 3547 1821 3567 N
1830 3547 1851 3568 s.

1351 3577 1498 3608 Instruere.
1541 3578 1572 3607 In
1594 3588 1603 3606 1
1613 3587 1633 3606 N
1644 3587 1656 3606 s
1665 3587 1683 3605 τ
1692 3587 1707 3605 R
1720 3586 1737 3604 u
1746 3586 1773 3604 o.

1349 3614 1509 3646 Intendere.
1549 3615 1582 3645 In
1603 3626 1612 3644 i
1621 3625 1639 3644 N
1650 3625 1670 3643 T
1678 3625 1692 3642 a
1701 3624 1720 3643 N
1731 3624 1748 3642 u
1758 3623 1785 3643 o.

1349 3654 1489 3684 Intereffe.
1522 3653 1580 3683 Cic.
1593 3663 1619 3687 9.
1632 3653 1707 3683 Fam.
1721 3661 1767 3686 24.

1352 3691 1545 3728 interponere.
1586 3690 1618 3720 ln
1639 3700 1676 3719 iN
1687 3699 1707 3718 τ
1716 3699 1731 3718 ε
1741 3699 1755 3718 R
1766 3699 1780 3718 P
1791 3694 1869 3719 oNo.

1351 3727 1452 3766 Junista
1473 3728 1593 3757 consilia.
1615 3729 1678 3757 Seri.
1691 3726 1784 3761 Agara.
1806 3737 1831 3757 v.
1846 3734 1910 3763 309.

1431 3766 1537 3795 Secede
1549 3775 1660 3795 mecum
1671 3768 1764 3802 potius
1775 3787 1783 3799 ‚
1805 3773 1835 3794 ut
1844 3774 1934 3794 rerum
1943 3758 2040 3797 statum
2051 3787 2073 3801 ‚-

1431 3803 1554 3833 Dubium
1564 3813 1596 3832 ac.
1605 3804 1743 3832 minacem
1755 3824 1763 3838 ‚
1784 3803 1879 3838 juncta
1890 3802 2004 3833 consilia
2012 3803 2165 3842 explicent.

1353 3838 1455 3877 juvare
1465 3841 1586 3878 aliquem
1599 3841 1724 3870 consilio.
1762 3840 1795 3869 ln
1814 3849 1853 3875 ,γυ
1863 3850 1879 3869 ν
1889 3848 1915 3870 o.
2291 3878 2293 3880 η

1352 3879 1456 3909 Labare
1492 3879 1639 3908 consilium
1678 3878 1780 3909 dicitur
1798 3900 1807 3914 ,
1847 3878 1893 3907 cui
1929 3879 2083 3917 opponitur
2119 3880 2219 3911 fixum
2254 3881 2316 3912 effe.
2363 3882 2421 3914 Cic.
2447 3889 2474 3918 8.

1372 3921 1425 3984 Αςὲ.
1440 3925 1491 3983 bn.
1521 3917 1598 3946 Scito
1617 3916 1709 3947 labare
1727 3922 1823 3946 meum
1841 3915 1990 3947 consilium
2008 3917 2078 3948 illud
2091 3939 2100 3954 ‚
2134 3921 2211 3955 quod
2229 3920 2291 3949 satis
2308 3919 2364 3955 jam
2388 3922 2474 3952 tixum

1371 3962 1398 3983 vi
1423 3964 1436 3983 e
1459 3961 1528 3984 atur.

1838 4026 1986 4065 Goooz
2412 4042 2476 4064 Lao!
