2604 4222
183 180 253 215 530
623 162 654 196 C
754 158 769 193 1
863 155 895 191 Τ

217 249 315 284 Ultra3
337 258 352 277 a
364 247 410 277 Cis
426 246 574 276 derivatur.
615 240 681 273 Caes
694 244 719 271 6.
735 238 803 270 Bell.
815 236 884 268 Gall.
898 244 958 272 cap.
971 241 1014 270 31.
1038 230 1095 269 Qui
1108 228 1170 260 sunt
1185 227 1254 258 citra
1267 226 1340 257 Rhe-

219 297 296 317 num.
890 310 895 316 .
911 311 917 316 ¹

220 325 294 354 Citra
305 323 409 352 flumen
422 321 540 351 educere
552 317 712 348 exercitum.
737 313 795 343 Cic.
806 315 832 341 6.
848 310 968 347 Philipp.
984 318 1008 344 ς.

222 362 296 392 Citra
307 360 470 390 Leucadem.
511 357 569 386 Cic.
583 358 624 384 16.
636 354 710 383 Fam.
722 360 747 386 4.
766 350 844 380 Idem
859 352 901 377 16.
919 348 972 376 Att.
987 355 1011 381 7.

241 400 307 429 liam
320 420 329 433 ,

242 438 317 466 vium
331 457 338 470 ,
359 436 426 464 citra
437 433 511 462 Velia

223 475 299 504 Citra
309 482 383 502 mare
393 478 481 500 natus.
504 470 598 498 Horat.
613 476 635 495 1.
652 466 739 494 Serm.
758 472 800 491 10.
812 470 858 499 47.

223 511 301 542 Ultra
311 511 443 546 citraque.
462 507 560 536 Horat.
576 514 598 533 1.
616 504 703 545 Serm.
719 510 742 530 1.
759 508 821 536 107.

414 561 451 567 -—
461 545 522 574 sunt
534 542 602 572 certi
617 541 737 575 denique
747 537 815 566 fines
824 558 834 571 ,

314 585 392 621 Quos
407 583 477 612 ultra
488 582 611 616 citraque
620 577 717 614 nequit
731 575 875 605 consistere
885 573 1002 604 redium.

222 623 295 653 Citra
307 644 315 657 ,
335 631 385 659 pro
400 622 476 649 Ante.
500 618 585 648 Ovid.
597 621 623 649 8.
636 615 706 645 Met.
721 618 784 656 365.
853 649 859 655 ·

311 659 430 689 Forsitan
445 659 471 686 δι
481 655 573 693 Pylius
589 654 656 683 citra
669 652 791 687 TroJana
800 648 913 689 perisset

309 696 459 734 Tempora.
540 693 573 722 Et
587 701 629 734 10.
641 690 711 720 Met.
728 695 775 725 84.

407 749 444 753 —
455 732 578 768 citraque
587 735 731 766 juventam

309 770 405 801 AEtatIS
417 770 498 798 breve
512 778 557 798 ver
574 788 582 802 ,
604 768 629 796 &
640 766 745 804 primos
756 772 867 801 carpere
877 763 969 792 flores.

219 809 292 839 Citra
311 818 401 845 rogos.
442 805 559 843 Quintil.
573 804 652 834 Decl.
668 813 710 833 12.
722 813 748 839 9.
779 805 833 831 Aut
855 802 925 831 citra
944 808 1042 837 rogos,
1070 801 1118 841 aut
1134 795 1171 827 ad
1188 801 1269 832 rogos
1288 803 1339 831 pu-

235 856 289 883 gna
298 846 343 875 est.
385 845 402 874 i.
418 854 442 874 e.
464 846 618 880 Antequam
629 842 665 871 ad
678 850 760 879 rogos
772 846 890 870 ventum
905 839 953 869 est.
994 837 1025 867 V.
1048 841 1133 865 etiam
1144 833 1222 863 Decl.
1235 836 1299 868 246.
1311 832 1337 861 ἃ

235 883 305 913 Gell.
322 892 363 912 12.
380 891 421 911 1⁴.

214 922 289 951 Citra
304 943 311 956 ,
333 930 382 957 pro
391 902 465 950 Sine.
505 917 643 948 Columel.
659 915 707 946 lib.
724 925 749 946 2.
766 923 826 953 cap.
840 922 866 943 2.
888 913 943 944 Sed
958 913 1024 942 citra
1035 911 1091 955 hoc
1112 909 1338 954 experimentum

231 959 318 988 inulta
330 959 402 992 sunt,
415 967 473 993 quae
487 958 513 986 δι
525 955 638 986 dulcem
648 961 758 989 terram,
780 955 806 983 δε
817 952 963 983 frumentis
977 949 1101 980 habilem
1113 946 1268 985 significent
1278 967 1285 980 ‚
1306 950 1337 973 ut

235 998 239 1002 '
404 995 426 1023 «1
510 1017 516 1022 .

212 998 518 1064 Clillrzicuascglulqaiibrriejiii
548 1031 654 1061 crimen
682 1030 712 1059 in
740 1028 924 1060 adversarium
950 1031 1066 1057 vertere.
1105 1021 1226 1061 Quintil.
1241 1020 1290 1050 lib.
1306 1027 1333 1057 7.

211 1080 428 1140 C‘iilrpaaginulum
440 1107 545 1145 aliquid
555 1107 655 1136 facere.
678 1104 801 1142 Quintil.
815 1112 858 1133 12.
877 1113 921 1133 10.

211 1147 286 1178 Citra
296 1147 488 1176 auctoritatem
499 1146 616 1175 Senatus
627 1144 792 1182 populique.
821 1142 897 1172 Suet.
912 1141 940 1170 in
955 1138 1019 1168 Caes.
1034 1143 1078 1182 αξ.
1211 1172 1218 1180 ο
1243 1172 1248 1178 ,

210 1185 285 1215 Citra
297 1184 443 1214 codicillos
453 1206 460 1219 ,
483 1194 533 1219 pro
545 1184 610 1213 Sine
619 1181 765 1211 codicillis.
804 1178 1046 1216 Hermogenianus
1057 1186 1086 1205 in
1099 1174 1119 1204 l.
1139 1171 1334 1203 Administram

228 1230 277 1253 tes.
302 1223 334 1252 D.
353 1223 388 1251 de
401 1221 524 1252 Excusat.
537 1228 620 1251 tutor.
644 1218 869 1249 Administrantes
880 1224 923 1246 res
940 1215 1099 1253 principum
1111 1234 1119 1247 ‚
1141 1210 1334 1248 exindulgen-

227 1262 266 1290 tia
277 1271 372 1290 eorum
385 1282 393 1295 ‚
415 1260 480 1289 licet
491 1260 559 1289 citra
573 1256 719 1288 codicillos
729 1278 738 1292 ,
760 1266 776 1285 a
788 1255 884 1288 tutela,
898 1255 1022 1291 itemque
1036 1262 1052 1283 a
1067 1260 1133 1281 cura
1145 1256 1273 1287 tempore
1288 1247 1337 1277 ad-

226 1299 437 1328 ministrationis
451 1297 543 1327 delata
552 1296 725 1327 excusantur.
756 1294 882 1323 Budaeus.
1305 1323 1310 1329 ¹

208 1337 282 1367 Citra
297 1336 447 1366 commoda
461 1336 643 1365 emeritorum
655 1333 834 1371 praemiorum
856 1331 1035 1360 exauctorare
1049 1326 1184 1365 legiones.
1209 1325 1286 1355 Suet.
1303 1331 1333 1352 in

207 1375 478 1450 Ciiitpgucighpgssxffin
503 1409 589 1440 causae
610 1407 765 1441 laudabilis.
806 1404 927 1443 Quintil.
941 1403 989 1434 lib.
1003 1409 1030 1438 8.
1050 1412 1082 1433 ca
1105 1425 1111 1432 .
1126 1411 1150 1437 ς.
1171 1400 1216 1430 Est
1237 1405 1334 1429 autem

225 1451 285 1480 haec
300 1460 354 1479 vox
371 1449 530 1480 universalis
541 1470 550 1484 ,
570 1457 631 1486 quae
642 1447 730 1477 etiam
745 1445 813 1475 citra
824 1443 1009 1482 complexum
1022 1451 1074 1472 cau
1088 1438 1202 1478 aepoffit
1212 1437 1266 1468 effe
1276 1437 1333 1466 lau-

226 1489 336 1518 dabilis.

207 1526 283 1556 Citra
294 1525 547 1556 denuntiationem.
588 1522 707 1559 Quintil.
723 1521 771 1551 lib.
783 1529 808 1557 3.
821 1529 882 1558 cap.
894 1525 919 1554 8.
942 1518 1016 1548 Nam
1028 1516 1124 1547 &illic
1136 1513 1215 1559 causa
1226 1513 1333 1543 delibe-

225 1565 305 1594 randi
320 1565 376 1600 est,
398 1564 474 1601 quod
486 1561 592 1592 bellum
604 1560 676 1591 Galli
690 1560 873 1590 minitenturz
895 1556 949 1587 esse
971 1563 1066 1585 tamen
1090 1553 1201 1591 quaestio
1224 1551 1332 1590 potest,

226 1603 349 1632 dedendi
359 1612 395 1631 ne
403 1602 505 1631 fuerint
518 1601 586 1630 citra
595 1599 668 1628 lianc
678 1597 932 1630 denuntiationem,
944 1595 1007 1632 quia
1018 1599 1116 1622 contra
1125 1592 1176 1626 fas,
1184 1600 1270 1628 quum
1282 1589 1336 1619 Le—

224 1640 279 1678 gati
289 1640 359 1670 missi
372 1639 477 1674 effent,
496 1638 622 1677 praelium
632 1636 762 1666 inierint:
784 1635 964 1672 Regemque,
986 1632 1021 1662 ad
1036 1640 1120 1668 quem
1135 1629 1267 1659 mandata
1286 1636 1332 1658 ac·=

225 1685 374 1716 ceperant,
395 1676 604 1708 trucidaverint.
1014 1707 1021 1713 ·
1136 1705 1142 1711 ·
1167 1705 1173 1712 ·
1312 1703 1318 1710 ι

206 1716 281 1746 Citra
301 1716 450 1746 fastidium.
490 1714 561 1745 Plin.
573 1712 622 1743 lib.
635 1722 659 1750 3.
673 1722 735 1751 cap.
747 1720 773 1749 3.
797 1708 976 1749 Querquerni
996 1713 1064 1738 citra
1082 1705 1225 1736 fastidium
1240 1713 1332 1734 noml-

205 1761 430 1830 Ciiitqigthgnmem
442 1789 591 1820 verborum
602 1788 730 1827 prosequi
738 1786 870 1824 aliquem.
903 1785 979 1815 Suet.
990 1784 1020 1813 in
1031 1783 1097 1820 Aug.
1120 1791 1181 1819 cap.
1194 1783 1239 1810 66.
1274 1779 1331 1810 Ne«

223 1840 277 1868 que
289 1830 385 1859 dolore
395 1828 563 1858 dissimulato
576 1849 584 1863 ,
606 1827 624 1856 si
639 1827 750 1865 parcius
760 1831 808 1854 aut
816 1824 884 1853 citra
900 1823 1038 1852 honorem
1048 1820 1215 1863 verborum:
1237 1827 1330 1855 neque

223 1868 344 1905 gaudio,
366 1867 384 1896 fi
401 1873 476 1905 grate
494 1867 597 1905 pieque
615 1865 676 1903 quis
700 1863 865 1903 prosecutus
882 1860 982 1892 fuiffet.
1021 1859 1148 1889 Subaudi
1162 1857 1264 1895 Legato
1285 1855 1330 1885 vel

222 1906 401 1936 Haereditate.

203 1943 279 1973 Citra
288 1946 392 1980 jacium
403 1941 532 1981 pulveris.
553 1941 622 1971 Plin.
636 1950 680 1978 35.
698 1949 745 1970 21.

205 1981 279 2011 Citra
292 1982 436 2011 invidiam.
458 1979 527 2009 Plin.
545 1979 594 2008 lib.
606 1987 631 2016 7.
648 1987 762 2016 cap.29.

162 2026 166 2029 ‘
205 2020 280 2050 Citra
291 2020 451 2049 mandatum
463 2017 571 2055 aliquid
582 2016 683 2046 facere.
724 2014 835 2053 Ulpian.
846 2012 866 2043 1.
887 2011 1023 2050 Idemque
1039 2011 1075 2042 δι.
1100 2010 1121 2049 §.
1143 2009 1224 2041 Idem
1234 2008 1329 2039 Labeo

222 2059 269 2087 ait.
293 2057 327 2087 D.
341 2056 468 2087 Mandat.
481 2055 527 2085 vel
539 2061 628 2085 contr.

206 2095 280 2125 Citra
294 2095 425 2124 musicen.
467 2092 588 2130 Quintil.
599 2092 649 2122 lib.
666 2101 689 2121 1.
703 2100 764 2129 cap.
776 2101 803 2127 4.
835 2089 912 2120 Tum
928 2098 982 2118 nec
997 2088 1067 2117 citra
1089 2086 1214 2129 musicen
1235 2085 1331 2128 Gram-

224 2134 325 2199 maticse
349 2132 440 2171 potest
458 2131 513 2161 effe
536 2130 678 2169 perfecta,
700 2138 787 2167 quum
803 2129 830 2158 ei
848 2129 884 2157 de
904 2127 1001 2157 metris
1024 2123 1215 2163 rhythmisque
1236 2123 1332 2152 dicen-

224 2172 291 2201 dum
312 2178 340 2200 it.

206 2209 280 2239 Citra
292 2207 414 2238 morsum
426 2207 573 2237 exanimat.
596 2206 667 2236 Plin.
680 2204 730 2235 lib.
744 2210 770 2239 8.
782 2213 843 2242 cap.
856 2208 901 2241 38.

206 2247 281 2276 Citra
291 2245 456 2285 perniciem.
478 2245 547 2274 Plin.
560 2244 608 2275 lib.
624 2254 666 2274 11.
682 2253 743 2281 cap.
756 2252 802 2279 49.
1225 2275 1231 2281 ,

205 2285 281 2314 Citra
295 2284 441 2322 personam
452 2289 616 2320 argumenta
625 2282 737 2311 ducere.
780 2278 900 2316 Quintil.
920 2277 1004 2321 lib37.
1017 2286 1077 2315 cap.
1092 2284 1116 2312 3.
1146 2273 1261 2319 Interim
1281 2283 1330 2318 au-

223 2329 280 2352 tem
291 2332 325 2352 ex
337 2332 366 2351 re
377 2322 524 2359 quaerstur,
545 2320 712 2350 veneficium
724 2319 826 2353 fuerit,
844 2327 878 2347 an
893 2316 1027 2346 cruditas:
1049 2322 1135 2353 quum
1152 2323 1188 2344 ex
1204 2312 1261 2351 ipsa
1280 2312 1328 2342 ali-

223 2371 278 2397 qua
286 2362 356 2389 citra
366 2359 511 2398 personam
522 2367 633 2396 quoque
645 2363 807 2394 argumenta
820 2355 969 2385 ducuntur.

204 2399 279 2428 Citra
290 2398 442 2427 satietatem
454 2397 517 2426 data
526 2397 614 2434 glans.
636 2394 774 2425 Columel.
787 2392 836 2423 lib.
849 2402 874 2431 7.
890 2402 952 2430 cap.
964 2395 990 2422 6.

203 2437 280 2466 Citra
292 2435 380 2465 scelus
390 2444 513 2472 peccare.
535 2434 620 2464 Ovid.
636 2444 660 2468 ς.
677 2432 757 2463 Trist.
770 2442 794 2468 9.
808 2440 854 2468 23.

202 2474 279 2504 Citra
294 2474 448 2503 scientiam.
472 2471 609 2501 Columel.
627 2470 676 2501 lib.
694 2480 718 2501 1.
739 2480 801 2508 cap.
815 2479 838 2500 1.

202 2513 223 2542 A
238 2512 373 2550 postrema
384 2509 487 2548 syllaba
496 2510 564 2540 citra
577 2509 688 2540 tertiam
706 2518 764 2538 non
778 2506 871 2545 posuit
890 2512 987 2536 natura
1003 2512 1103 2534 vocem
1115 2508 1234 2534 acutam.
1264 2503 1323 2533 Cic.

221 2550 252 2579 in
265 2550 343 2579 Orat.
359 2554 401 2584 58.
424 2547 484 2585 Ipsa
495 2548 571 2577 eni-m
582 2553 689 2583 natura,
706 2545 780 2584 quasi
793 2545 984 2575 modularetur
994 2543 1142 2572 hominum
1150 2543 1305 2571 orationem
1316 2563 1324 2575 ,

220 2588 250 2616 in
266 2587 343 2616 omni
355 2585 439 2615 verbo
450 2585 541 2623 posuit
553 2591 662 2615 acutam
674 2593 774 2614 vocem
784 2605 792 2619 ‚
814 2593 869 2613 nec
883 2592 937 2612 una
945 2581 1017 2620 plus,
1038 2590 1091 2609 nec
1102 2591 1116 2610 a
1127 2580 1265 2618 postrema
1276 2579 1326 2616 syl-

219 2625 282 2655 laba
302 2626 369 2654 citra
388 2624 498 2653 tertiam
510 2645 518 2659 ,
540 2633 594 2661 quo
611 2624 700 2661 magis
716 2628 843 2652 naturam
857 2621 958 2652 ducem
972 2619 1008 2649 ad
1023 2619 1131 2648 aurium
1150 2618 1325 2655 voluptatem

219 2663 346 2701 sequatur
355 2662 498 2691 industria.

201 2700 275 2731 Citra
289 2701 463 2730 voluntatem
478 2698 595 2728 domini.
617 2697 737 2735 Quintil.
749 2707 775 2736 7.
791 2706 815 2736 3.

201 2739 294 2774 Citra,
315 2748 366 2776 pro
377 2738 469 2767 Extra.
508 2737 623 2766 Sueton.
638 2738 667 2766 in
683 2736 791 2773 August.
805 2744 866 2773 cap.
879 2741 924 2770 43.
957 2732 1072 2763 Solebat
1087 2732 1172 2761 etiam
1185 2732 1253 2761 citra
1268 2730 1325 2769 spe-

220 2775 394 2806 ctaculorum
407 2776 482 2809 dies,
503 2774 636 2812 fiquando
657 2774 724 2811 quid
741 2774 900 2803 inusitatum
919 2772 1092 2808 dignumque
1110 2770 1225 2808 cognitu
1242 2770 1326 2799 adve-

221 2816 298 2844 ctum
310 2813 391 2848 ess'et,
412 2813 440 2842 id
453 2818 530 2842 extra
543 2812 672 2842 ordInem
685 2811 882 2849 quolibetloco
893 2810 1045 2847 publicare.

165 2853 187 2883 C
196 2864 205 2882 1
214 2862 233 2882 T
243 2863 258 2881 a
268 2863 287 2881 A
297 2874 304 2887 ‚
328 2853 395 2881 Adv.
418 2852 447 2880 in
458 2851 557 2880 eadem
569 2850 784 2887 fignificatione,
800 2848 848 2878 sed
859 2848 914 2877 sine
924 2847 996 2878 casu.
1036 2846 1094 2876 Liv.
1106 2855 1149 2875 10.
1161 2854 1207 2882 25.
1229 2844 1325 2875 Paucis

201 2891 268 2920 citra
278 2889 403 2919 millibus
412 2888 561 2926 lignatores
569 2889 595 2918 ei
607 2898 671 2918 cum
680 2888 805 2926 praesidio
820 2892 978 2916 occurrunt.

201 2929 293 2963 Citra,
315 2927 402 2957 aliter.
444 2926 511 2956 Plin.
526 2926 576 2956 lib.
591 2935 633 2963 17.
650 2935 710 2963 cap.
722 2934 766 2956 22.
792 2924 934 2962 Quoniam
946 2924 973 2954 Sc
987 2923 1025 2953 sic
1042 2926 1187 2954 coercetur
1201 2921 1324 2959 impetus

220 2966 340 2996 materiae
351 2987 359 3000 ,
380 2964 573 3002 densioresque
588 2964 656 2994 citra
669 2963 796 3002 pampini
805 2962 940 2992 exultant.

200 3003 277 3033 Citra
287 3026 294 3037 ,
316 3004 398 3032 etiam
409 3013 459 3040 pro
470 3002 576 3032 Minus.
598 3002 683 3032 Ovid.
695 3010 720 3031 1.
732 3002 768 3031 de
779 3001 857 3030 Pont.
871 3010 897 3038 7.
918 3010 962 3035 55.

281 3040 361 3071 Culta
372 3041 486 3078 quidem
507 3041 518 3075 (
531 3040 640 3076 fateor)
663 3039 732 3069 citra
742 3048 825 3077 quam
835 3038 932 3068 debuit
944 3036 993 3067 illa
1001 3037 1048 3067 est.

219 3079 289 3109 Met.
302 3084 364 3115 ⁶07·
379 3080 404 3108 &
419 3088 444 3114 3.
461 3079 497 3108 de
509 3079 571 3107 Arte
585 3080 718 3115 Am.757.

165 3116 235 3146 cir
247 3127 285 3146 iziz
298 3139 306 3152 ,
327 3116 520 3146 vetustissimos
540 3115 668 3153 scripsisse
683 3115 849 3145 invenimus.
889 3112 959 3143 Cato
976 3112 1052 3151 apud
1067 3111 1197 3142 Priscian.
1214 3121 1242 3150 p.
1258 3121 1320 3148 599.

202 3155 277 3184 Citer
289 3165 353 3192 ager
363 3155 489 3192 alligatus
500 3154 535 3183 ad
551 3153 625 3183 sacra
633 3154 694 3184 erit.
734 3153 766 3183 V.
791 3153 845 3189 seq.
868 3151 935 3181 diei.

165 3191 186 3220 C
198 3203 207 3221 1
217 3202 282 3222 Tan
292 3204 301 3221 1
310 3203 327 3221 o
336 3203 351 3221 R
363 3215 371 3228 ,
391 3202 431 3222 us.
454 3202 579 3230 compar.
602 3192 678 3228 quod
691 3200 706 3220 a
720 3191 794 3221 Citer
803 3188 941 3219 vocabulo
957 3187 1084 3218 obsoleto
1103 3188 1215 3225 quidam
1235 3187 1323 3216 dedu-

201 3236 276 3259 cunt.
317 3230 375 3260 Cic.
392 3240 433 3260 12.
449 3232 501 3260 Att.
514 3238 557 3266 37.
580 3230 685 3260 Hirtius
698 3229 733 3259 ad
753 3239 798 3258 me
811 3227 916 3266 scripsit
928 3228 991 3257 Sex.
1008 3227 1173 3264 Pompeium
1191 3225 1322 3255 Corduba

201 3267 286 3297 exiise
300 3290 308 3302 ,
330 3269 356 3298 ἃ
366 3268 462 3306 fugisse
474 3269 503 3297 in
516 3267 678 3306 Hispaniam
688 3268 856 3296 citeriorem.

200 3305 274 3336 lEtas
285 3306 396 3335 citerior
406 3328 414 3341 ‚
438 3306 558 3336 Brevior.
581 3305 670 3335 Valer.
682 3310 747 3342 8.7.
761 3311 818 3334 ext.
833 3314 874 3334 ιο.
899 3301 1041 3332 Citerioris
1054 3300 1141 3331 aetatis
1155 3306 1253 3336 metas,
1266 3302 1319 3330 διο.

221 3342 362 3380 Chrysippi
374 3345 503 3373 vivacitas
515 3344 601 3374 flexit.
640 3343 697 3374 Sed
710 3343 890 3372 emendatum
901 3340 1060 3369 Citeriores.

203 3379 366 3410 Consulatus
378 3381 491 3411 citerior
504 3381 630 3419 legitimo
650 3388 786 3419 tempore.
808 3380 898 3410 Valet.
909 3378 986 3408 Max.
1001 3383 1028 3412 8.
1046 3387 1089 3413 ις.
1104 3385 1127 3405 1.

219 3423 340 3455 tempus.

203 3453 271 3483 Dies
296 3456 413 3485 citerior.
454 3456 537 3486 Caius
553 3456 611 3486 inl.
630 3456 659 3486 Si
671 3456 772 3486 servus.

223 3492 299 3521 verb.
312 3493 423 3530 obligat.
445 3492 589 3532 Tempora
598 3503 663 3523 vero
678 3494 783 3524 diversa
793 3493 927 3530 designari
944 3490 1038 3529 poss‘e,
1060 3488 1164 3523 veluti,
1184 3488 1257 3518 Mihi
1272 3489 1323 3518 Ca-

222 3528 312 3559 lendis
322 3530 455 3565 ,Ianuariis
464 3554 473 3567 ,
492 3538 540 3561 aut
552 3531 631 3561 Titio
648 3532 763 3562 Calend.
779 3530 858 3561 Febr.
882 3531 969 3559 immo
980 3529 1064 3557 etiam
1075 3527 1234 3556 citeriorem
1243 3527 1322 3557 diem

224 3567 253 3595 in
270 3567 338 3610 Titii
357 3569 501 3606 personam
517 3570 636 3600 conferri
651 3569 736 3608 posse.
777 3569 944 3600 Citeriorem
964 3565 1055 3601 dixit,
1074 3573 1126 3603 pro
1142 3564 1272 3594 Breviore
1294 3566 1321 3594 <Sc

220 3606 396 3640 proximiore.
423 3607 548 3637 Budaeus.

202 3640 279 3684 Ultio
289 3642 393 3672 delieto
407 3645 526 3674 citerior.
549 3643 637 3674 Valet.
648 3644 723 3674 Max.
736 3647 762 3674 6.
776 3652 801 3680 3.
821 3653 863 3673 ri.
896 3642 913 3672 i.
932 3651 957 3672 e.
977 3641 1064 3671 Prior.

201 3679 388 3710 Audiebamus
402 3682 529 3711 nondum
539 3683 675 3712 citeriora.
697 3682 754 3712 Cic.
766 3690 791 3711 2.
806 3681 880 3711 Fam.
893 3690 934 3709 11.

202 3716 381 3746 Considerate
399 3718 520 3749 humana
539 3729 571 3749 ac
586 3721 722 3749 citeriora.
762 3720 787 3748 h.
802 3729 826 3748 e.
849 3718 973 3747 Terrena
995 3727 1028 3746 ac
1048 3715 1164 3745 terrenis
1180 3715 1318 3752 proxima.

221 3754 317 3820 Cic.s5d.
328 3753 409 3813 Tusg.
420 3765 464 3792 71.
486 3757 596 3793 Quanta
606 3756 693 3787 rursus
703 3757 789 3787 animi
805 3756 1004 3794 tranquillitate
1020 3755 1141 3784 humana
1151 3755 1177 3783 ἃ
1191 3754 1320 3784 citeriora

221 3800 275 3820 Con
289 3802 294 3820 1
318 3798 376 3821 erat
388 3815 395 3820 .

166 3831 353 3872 cirinus,
375 3839 407 3864 a,
428 3838 485 3858 um.
506 3829 604 3867 superl.
625 3831 726 3861 Citima
747 3832 830 3861 nobis
848 3830 939 3860 secula
958 3830 1020 3859 sunt
1038 3828 1231 3859 recentissima.
1259 3838 1321 3865 quae

202 3876 277 3897 emm
288 3867 367 3895 ¹¹0biS
379 3867 502 3904 1³¹⁷05ima
512 3867 583 3902 sunt,
603 3870 698 3897 citima
713 3870 888 3907 appellantur
900 3869 957 3898 Cic.
971 3869 1006 3897 de
1017 3867 1159 3896 Univerlit.
1173 3876 1217 3895 22.
1241 3865 1321 3895 Euni-

202 3914 265 3947 ειυς,
276 3914 336 3940 quae
350 3904 548 3938 eratejusdeni,
569 3906 678 3934 detorlit
691 3917 704 3935 a
718 3907 801 3935 latere
815 3908 841 3935 in
854 3908 979 3936 dextram
991 3912 1112 3942 partem:
1135 3905 1210 3934 lianc
1227 3913 1321 3933 autem

201 3943 326 3985 citi-mam
340 3964 348 3977 ‚
369 3952 384 3972 a
404 3943 615 3972 medianalinea
625 3944 726 3973 direxit
735 3945 770 3973 ad
782 3944 895 3979 laevam,
915 3943 962 3973 sed
981 3943 1171 3981 principatum
1183 3943 1263 3972 dedit
1280 3941 1321 3971 su-

200 3989 311 4018 periori.

514 442 541 461 m
552 429 637 459 millia
650 427 775 465 passuum
794 435 804 452 1
813 434 851 453 11.
869 421 990 461 pedibus
999 420 1035 451 ad
1045 429 1091 451 me
1102 418 1202 449 statim.

1126 3035 1159 3066 V.
1181 3036 1266 3066 etiam
1277 3045 1320 3066 10.

1172 3375 1191 3405 i.
1204 3385 1229 3405 e.
1252 3376 1322 3406 Ante

804 3455 826 3492 §.
849 3454 946 3491 Quum
966 3450 1035 3481 milii
1056 3457 1105 3481 aut
1121 3450 1209 3481 Titio.
1231 3450 1265 3480 D.
1286 3451 1322 3480 de

1036 343 1133 380 Quum
1145 341 1278 371 venissem
1290 339 1342 369 Ve-

368 398 466 426 Brutus
477 393 590 424 audivit.
615 397 672 420 erat
686 390 761 418 enim
776 397 842 416 eum
859 385 912 414 suis
928 383 1045 413 navibus
1063 380 1140 419 apud
1152 379 1281 409 Haletem
1291 378 1342 407 flu·

1876 140 1906 176 C
2000 143 2016 178 I
2107 141 2142 178 V

1438 222 1517 255 Luna
1526 222 1606 253 terris
1618 222 1720 252 citima.
1744 218 1803 253 Cic.
1815 223 1844 252 in
1855 223 1950 253 somn.
1963 224 2038 262 Scip.
2051 229 2076 258 8.
2099 224 2139 255 Ex
2148 225 2247 263 quibus
2259 231 2317 257 erat
2326 237 2358 258 ea
2369 224 2492 268 minima,
2501 235 2558 271 que

1460 262 1557 292 ultima
1570 261 1637 290 caelo
1654 283 1661 295 ‚
1684 262 1779 290 citima
1790 262 1870 290 terris
1882 281 1890 296 ,
1913 262 1975 291 luce
1990 262 2103 292 lucebat
2111 263 2212 294 aliena.
2601 278 2603 303 ‚¹

1405 301 1546 330 CITIME
1559 321 1566 333 ,
1589 298 1706 327 Adverb.
1725 299 1847 327 Priscian.
1867 299 1915 328 lib.
1936 309 1977 334 ις.
1992 310 2019 337 p.
2040 305 2118 330 1016.
2142 301 2217 331 Citra
2231 324 2239 337 ,
2261 302 2393 336 citerius,
2415 304 2517 336 citime.
2601 315 2602 319 ¹

1402 339 1424 368 C
1434 348 1471 367 ιτ
1481 342 1521 366 ai}
1532 347 1550 365 'r
1562 347 1579 365 u
1589 346 1600 364 s
1611 358 1618 370 ,
1641 346 1672 380 a,
1695 346 1751 380 uni.
1775 344 1823 371 ut,
1844 336 1933 373 Regio
1950 338 2045 367 cirrata
2055 360 2062 373 ,
2095 339 2164 376 Ager
2178 340 2291 369 citratus
2301 362 2309 373 ,
2342 341 2389 377 qui
2413 344 2558 379 opponitur

1440 376 1557 405 Ultrato.
1572 374 1604 403 V.
1617 373 1820 410 RigaltnGloff
1833 384 1867 403 ex
1878 375 1978 411 Hygin.
1995 377 2020 405 Sc
2032 376 2092 404 aliis
2100 386 2185 414 agrar.
2202 378 2251 407 Ed.
2265 377 2336 406 Goes.
2349 388 2376 415 p.
2392 382 2452 414 156.
2462 381 2559 416 &2⁶8-

1403 414 1495 443 Ci‘ra
1507 422 1578 441 noo
1590 434 1597 447 ,
1621 412 1724 441 Eadem
1738 421 1802 441 cum
1814 412 2032 450 Melissopliyllo.
2070 412 2099 443 V.
2122 424 2480 447 matissorHYLLuM.

1403 451 1630 484 Cia-aerum,
1653 450 1820 479 Cirruus
1837 472 1845 483 ,
1867 449 2116 485 C1TR1UM,In
2137 462 2286 483 ClTRUs.

1403 489 1427 517 C
1438 500 1446 517 i
1457 498 1477 517 T
1487 498 1502 517 r<
1511 498 1528 516 o
1541 510 1548 522 ,
1572 487 1768 531 Nonssmplex
1783 489 1808 517 δι
1823 487 1912 516 solum
1922 489 2065 526 reperitur.
2106 489 2138 519 V.
2161 500 2179 519 υ
2188 501 2205 519 L
2214 499 2259 519 ΤΕ
2268 501 2296 520 o.

1403 527 1426 556 C
1436 529 1474 555 f'r
1483 536 1500 554 R
1509 536 1527 554 u
1538 535 1550 555 s
1562 547 1570 559 ,
1592 535 1608 554 1.
1631 527 1649 554 i.
1673 525 1812 560 [xl‘1r&]
1834 526 1920 554 Arbor
1936 536 1996 563 quae
2010 526 2124 557 Medica
2136 527 2189 557 fert
2199 528 2280 558 mala.
2299 527 2474 559 Dioscorides
2482 529 2560 564 libas

1441 574 1502 601 cap.
1516 568 1575 606 136.
1597 563 1735 592 Postremo
1753 573 1812 600 quae
1825 564 1952 598 medica,
1975 564 2129 600 Persicave,
2151 572 2199 595 aut
2210 566 2356 595 citromela
2370 588 2379 601 ,
2399 576 2414 595 a
2430 566 2559 600 Romanii

1438 611 1506 631 vero
1518 602 1597 630 cirria
1609 607 1744 630 vocantur
1754 623 1762 637 ,
1785 602 1915 630 omnibus
1924 608 1991 631 nota
2005 624 2013 636 ,
2041 602 2167 633 arborem
2184 604 2289 634 liabent
2308 610 2369 632 toto
2381 613 2454 633 anno
2468 605 2558 636 fecun-

1440 640 1506 668 dam
1523 641 1548 669 Sc
1568 639 1793 676 siiperfetantem.
1835 639 1954 669 Pomum
1977 639 2132 677 oblongum
2151 641 2189 671 est
2202 663 2210 676 ,
2241 641 2370 678 rugosum
2382 663 2390 676 ,
2411 641 2504 673 colore
2522 645 2555 675 ad

1437 677 1682 719 auruminclinato
1695 699 1703 712 ‚
1725 687 1791 706 cum
1813 679 1945 714 gravitate
1967 678 2123 707 odoratum.
2164 679 2265 708 Semen
2284 679 2367 708 habet
2379 689 2508 717 pyrorum
2520 682 2556 712 sea

1437 714 1562 745 minibus
1578 715 1673 744 ssmile.
1716 715 1783 744 Plin.
1796 714 1844 744 lib.
1860 724 1902 750 13.
1914 725 1975 752 cap.
1991 725 2013 745 1.
2036 716 2119 745 Cedri
2131 722 2240 746 tantum
2254 718 2279 747 &
2292 717 2353 746 citri
2362 716 2473 752 suorum
2484 719 2557 752 fruti«v
2591 731 2594 744 ι

1437 753 1543 793 cumin
1554 753 1633 782 sactis
1643 753 1720 782 fumo
1732 752 1915 782 convolutum
1928 753 2056 784 nidorem
2065 754 2156 783 verius
2168 764 2251 792 quam
2265 755 2381 784 odorem
2399 758 2538 787 noverant.
2591 758 2594 802 j

1435 790 1478 821 De
1491 791 1566 820 Citro
1580 791 1614 819 sic
1625 790 1718 819 scribit
1728 790 1880 828 Calepinus
1892 801 1925 820 ex
1936 792 2018 820 variis
2029 792 2189 822 auctoribus
2200 814 2208 827 ,
2229 792 2322 822 Citrus
2334 792 2413 822 arbor
2429 793 2555 826 nobiliffi.
2597 813 2600 819 ·

1455 839 1501 858 ma
1513 851 1520 863 ,
1543 838 1604 866 quae
1615 828 1670 858 sola
1681 829 1757 871 apud
1768 828 1907 858 Atlantem
1917 837 2044 858 montem
2055 830 2085 858 in
2102 830 2269 860 Mauritania
2278 830 2405 866 nascitur,
2426 830 2555 865 Romani:
2588 808 2601 874 i(-

1453 867 1597 903 quondam
1610 867 1765 903 gratissirna.
1787 877 1852 895 nam
1863 867 2028 897 afferebatur
2040 868 2075 896 ad
2085 875 2249 898 ornamenta
2262 868 2419 898 mensarum
2434 870 2460 898 &
2475 869 2555 902 lectu.
2587 883 2592 907 f

1451 904 1552 934 lorum.
1590 905 1656 934 Non
1670 904 1790 934 multum
1801 904 1898 934 crescit
1909 927 1917 940 ,
1939 907 1964 934 &
1977 905 2043 934 folia
2053 906 2156 942 majora
2169 906 2253 936 habet
2263 916 2346 942 quam
2356 906 2456 936 laurus.
2485 907 2555 942 Hinc
2587 909 2592 946 i

1454 942 1580 977 Citreus,
1601 943 1781 978 adjectivum.
1804 950 1854 978 ut,
1877 942 1975 972 Citreae
1992 943 2103 974 mensae.
2143 944 2223 981 Apud
2236 944 2356 974 Dionem
2371 965 2379 979 ‚
2399 944 2510 981 cedron,
2527 948 2553 978 δε
2585 949 2590 974 l

1452 990 1538 1018 poma
1549 981 1642 1010 cedria
1651 1002 1659 1015 ,
1674 990 1724 1018 pro
1736 981 1806 1010 citro
1818 982 1843 1011 ἃ
1854 982 1940 1011 citriis
1955 981 2096 1018 appellata
2107 982 2298 1012 inveniuntur.
2337 981 2454 1012 Alterius
2464 989 2552 1019 tamen
2585 981 2589 1012 .·’

1451 1020 1560 1055 generis
1574 1018 1637 1048 furit
1646 1019 1708 1048 citri
1720 1019 1862 1048 Atlanticae
1875 1041 1883 1054 ,
1904 1028 1939 1048 ex
1955 1019 2056 1056 quibus
2073 1019 2173 1049 mensae
2188 1019 2285 1050 fierent
2296 1042 2305 1055 ,
2327 1029 2410 1057 quam
2427 1020 2553 1054 nostrate.

1451 1057 1533 1092 citri,
1554 1056 1630 1085 unde
1646 1056 1717 1086 mala
1739 1056 1848 1086 medica
1864 1057 2023 1087 nascuntur.
2063 1057 2113 1086 Hae
2129 1057 2198 1088 folio
2218 1058 2377 1094 spectantur
2393 1057 2484 1088 arbuti
2499 1059 2552 1091 fer.
2583 1024 2589 1096 1

1451 1102 1499 1124 aut
1510 1094 1606 1138 lauri:-
1619 1094 1783 1138 Atlanticae,
1803 1095 2048 1133 cupreffofeminae
2059 1095 2179 1131 silvestri,
2200 1096 2281 1131 folio,
2303 1096 2412 1131 odore,
2430 1097 2550 1128 caudice.
2583 1114 2586 1146 Ῑ

1394 1133 1434 1163 Cr
1445 1142 1465 1176 r
1475 1142 1491 1161 r.
1502 1143 1549 1161 un
1563 1155 1571 1168 ‚
1598 1143 1616 1161 1.
1640 1142 1667 1162 n.
1690 1143 1740 1170 pro
1755 1132 1851 1170 Ligno.
1878 1134 1951 1163 Varr.
1967 1143 1990 1170 3.
2008 1133 2043 1162 de
2055 1133 2087 1164 R.
2101 1133 2136 1164 R.
2149 1143 2210 1173 cap.
2224 1144 2251 1166 2.
2272 1133 2409 1164 Nuncubi
2424 1133 2470 1164 hic
2480 1135 2550 1167 videt
2582 1157 2586 1171 i

1431 1177 1533 1201 citrum
1542 1177 1589 1199 aut
1600 1171 1721 1200 aurum‘.>
1747 1170 1866 1200 Martial.
1883 1171 1932 1200 lib.
1946 1181 1988 1201 ro.
2000 1176 2045 1205 80.
2584 1174 2586 1181 '

1523 1208 1655 1246 Inspicit,
1677 1215 1723 1238 aut
1735 1218 1835 1246 pueros
1846 1231 1853 1244 ,
1877 1209 2033 1239 nobiliusve
2044 1210 2155 1239 citrum.
2584 1209 2585 1219 ¹

1429 1246 1636 1277 Maurusiacum
1647 1247 1756 1276 citrum.
1798 1247 1920 1278 Martial.
1937 1247 1985 1277 lib.
2000 1256 2044 1278 12.
2056 1252 2101 1285 67.
2122 1248 2154 1278 V.
2177 1247 2280 1278 Lucan.
2294 1257 2320 1284 9.
2334 1250 2400 1285 426.
2419 1248 2446 1278 ἃ
2459 1247 2548 1282 Vellei.
2580 1254 2584 1280 i

1450 1294 1476 1315 2.
1497 1288 1540 1320 56.
1557 1294 1580 1314 1.
1594 1294 1659 1314 cuin
1674 1285 1739 1314 Not.
1757 1284 1850 1315 Burni.
2581 1283 2583 1295 ⁴
2602 1284 2604 1286 ’

1393 1322 1560 1365 ciratus
1572 1344 1580 1356 ,
1602 1333 1634 1358 a,
1655 1331 1713 1352 um.
1737 1323 1798 1359 Adj.
1822 1322 1969 1359 [κιάεκῷυ]
1988 1328 2037 1358 ut,
2058 1323 2241 1353 Citreamala.
2282 1322 2352 1352 Pliri.
2370 1322 2420 1352 lib.
2433 1332 2478 1359 25.
2490 1334 2518 1354 ca
2535 1344 2544 1356 .
2579 1340 2582 1359 ι

1429 1367 1476 1395 28-
1497 1360 1597 1390 Citreis
1611 1361 1681 1390 odor
1693 1361 1862 1396 acerrimus,
1884 1361 1965 1399 sapor
1973 1361 2148 1400 asperrimus.
2170 1361 2250 1391 Idem
2260 1359 2365 1398 lib.23.
2384 1371 2446 1399 cap.
2460 1365 2486 1392 6.
2527 1362 2548 1392 i.
2578 1368 2581 1391 1

1429 1405 1487 1429 trea
1500 1404 1598 1429 contra
1609 1408 1749 1429 venenum
1761 1399 1790 1428 in
1802 1399 1868 1429 vino
1881 1399 2015 1430 bibuntur
2027 1421 2035 1435 ‚
2057 1399 2101 1429 vel
2120 1398 2177 1437 ipsa
2196 1400 2241 1429 vel
2252 1398 2356 1429 semen.
2380 1400 2485 1430 faciunt
2499 1400 2547 1433 orie
2574 1399 2581 1432 1

1427 1437 1590 1467 suavitatem
1600 1459 1608 1473 ‚
1631 1437 1750 1466 decocto
1760 1447 1859 1467 eorum
1874 1437 1982 1468 colluto
1995 1460 2003 1474 ,
2025 1444 2073 1467 aut
2080 1437 2163 1468 succo
2175 1436 2312 1476 expresso.

1428 1475 1505 1505 Lecti
1515 1476 1603 1505 citrei.
1625 1475 1695 1505 Pers
1711 1485 1735 1504 1.
1755 1475 1810 1505 Sat.
1825 1484 1868 1511 53.
2578 1494 2585 1509 μ
2597 1503 2604 1513 .

1571 1550 1576 1556 .
1601 1551 1606 1556 ι
1667 1523 1770 1542 —non
1781 1513 1915 1551 quicquid
1926 1513 2049 1551 denique
2059 1513 2139 1544 lec‘tis
2522 1539 2523 1542 ,

1519 1549 1653 1581 Scribitur
1665 1551 1694 1580 in
1705 1551 1807 1581 citreis.
2576 1533 2604 1574 1-

1426 1587 1525 1620 Mensa
1533 1589 1626 1618 citrea.
1667 1589 1725 1618 Cic.
1738 1593 1764 1619 6.
1777 1589 1850 1619 Verr.
1863 1598 1907 1626 37.
1930 1589 1975 1619 Tu
1993 1590 2143 1619 maximam
2159 1591 2186 1619 &
2200 1588 2417 1628 pulcherrimam
2432 1588 2556 1630 inensam·
2569 1587 2588 1625 t.

1446 1628 1561 1657 citream
1572 1637 1587 1656 a
1597 1627 1633 1664 Q.
1646 1626 1770 1663 Lutati0‚
1793 1627 1922 1657 Diodoro
1933 1648 1941 1663 ‚
1961 1628 2014 1658 διε.
2038 1627 2179 1658 abstulisti.
2580 1642 2582 1650 ι

1427 1665 1532 1696 Oleum
1544 1666 1673 1695 citteum.
1696 1665 1764 1696 Plin.
1780 1665 1829 1695 lib.
1843 1675 1888 1703 23.
1902 1675 1962 1703 cap.
1975 1676 2003 1701 4.
2579 1684 2598 1707 <⁴

1388 1703 1410 1733 C
1420 1714 1456 1732 ιτ
1467 1714 1500 1732 iu
1511 1714 1529 1732 u
1540 1714 1561 1732 M
1571 1725 1579 1739 ,
1602 1704 1620 1733 i.
1642 1713 1670 1734 n.
1693 1703 1791 1734 Latine
1802 1704 1904 1733 dicitur
1915 1703 2032 1733 Pomum
2042 1704 2104 1734 citri
2114 1703 2218 1734 arboris
2229 1726 2237 1739 ‚
2258 1703 2325 1733 teste
2338 1703 2430 1733 Diosc.
2443 1703 2494 1734 Lc.
2574 1708 2582 1734 ζ’

1386 1742 1600 1777 (ΣιτκῖΝυς,
1622 1751 1657 1777 a,
1680 1751 1738 1771 um.
1769 1738 1944 1778 [κιςξοεῶἦς]
1966 1741 2041 1771 aliud
2060 1742 2121 1777 Adj.
2153 1748 2201 1777 ut,
2231 1741 2316 1772 Color
2336 1742 2460 1772 citrinus.
2481 1740 2543 1774 Plifl·
2567 1714 2601 1786 id

1424 1779 1472 1809 lib.
1491 1790 1532 1814 19.
1548 1789 1610 1818 cap.
1626 1791 1651 1816 ς.
1674 1781 1708 1809 de·
1722 1789 1888 1814 cucumere,
1911 1779 1944 1809 In
1954 1779 2031 1809 ltalia
2039 1781 2160 1815 virides,
2183 1780 2431 1817 &quamminimi,
2450 1780 2479 1809 in
2487 1789 2544 1819 pro-
2567 1782 2599 1824 ,ἦ

1424 1818 1526 1885 ’1111ίῖ6ἰί3
1543 1818 1745 1855 quammaximi
1763 1819 1790 1848 δι
1807 1818 1899 1848 citrini
1919 1823 1967 1847 aut
1990 1819 2071 1856 nigri.
2112 1819 2131 1848 i.
2147 1827 2171 1848 e.
2193 1817 2262 1848 Citri
2279 1818 2333 1849 five
2352 1818 2412 1848 auri
2429 1817 2543 1850 colorem
2565 1828 2573 1845 ⁶¹

1447 1866 1460 1885 a
1482 1862 1570 1886 entes.
2453 1872 2457 1873 ⁷
2571 1859 2574 1879 f

1386 1894 1409 1924 C
1417 1905 1426 1923 1
1436 1904 1456 1922 T
1466 1904 1481 1923 R
1491 1898 1508 1924 ὃ
1519 1904 1530 1923 s
1540 1904 1558 1923 u
1568 1904 1580 1924 s
1590 1915 1599 1930 ,
1620 1903 1635 1923 a
1645 1916 1653 1929 ,
1674 1903 1732 1924 um.
1755 1889 1913 1930 [moechm]
1935 1893 2020 1923 Vestis
2035 1893 2141 1924 citrosa.
2161 1904 2177 1924 a
2188 1892 2369 1924 similitudine
2382 1893 2444 1924 citri
2456 1891 2544 1933 appel.
2568 1890 2572 1918 ν’

1423 1931 1478 1961 lata
1487 1932 1534 1961 est.
1557 1932 1625 1963 Haec
1637 1932 1739 1962 Festus.
1762 1932 1932 1961 Meminit&
1943 1931 2069 1962 Macrob.
2086 1931 2133 1961 lib.
2150 1941 2174 1969 3.
2188 1932 2297 1962 Saturn.
2311 1942 2372 1970 cap.
2387 1942 2429 1969 19.
2568 1954 2572 1964 i

1385 1970 1426 2000 Cr
1438 1973 1594 1999 rai-rrum
1605 1993 1613 2005 ,
1634 1971 1653 2000 i.
1675 1980 1703 2000 n.
1727 1970 1817 2000 Locus
1829 1971 1898 1999 citro
1909 1970 2038 2000 consitus.
2074 1969 2178 2001 Pallad.
2194 1979 2219 2007 3.
2233 1980 2278 2007 34.
2297 1978 2366 2001 extr.
2389 1970 2491 2000 Citreta
2508 1975 2542 2000 te·
2567 1994 2569 1998 .
2587 1996 2589 1998 .

1425 2009 1564 2046 gumentis
1572 2009 1763 2038 defenduntur
1776 2018 1790 2038 a
1801 2008 1911 2045 frigore.
2568 2026 2569 2030 =

1388 2046 1427 2075 Ci
1439 2056 1458 2075 ‘r
1468 2056 1487 2075 T
1499 2056 1517 2075 A
1531 2067 1540 2082 ,
1561 2056 1592 2076 ae.
1614 2047 1632 2076 f.
1656 2045 1771 2082 [ni-iia]
1791 2046 1853 2076 Avis
1869 2045 1940 2083 quasi
1951 2046 2031 2083 picaz
2055 2045 2188 2084 quoniam
2201 2052 2233 2076 ut
2247 2045 2368 2077 Galenus
2379 2046 2431 2082 ait,
2450 2051 2544 2076 terram.

1424 2084 1550 2120 mandit,
1572 2090 1620 2113 aut
1631 2085 1694 2122 quia
1705 2083 1814 2114 colores
1825 2083 1909 2113 habet
1921 2106 1928 2118 ‚
1950 2092 1982 2113 ut
1993 2085 2055 2122 pica
2065 2106 2074 2120 ,
2096 2083 2225 2122 dispares.
2562 2057 2568 2112 1

1387 2122 1409 2152 C
1421 2132 1536 2159 ιΤΤΑ,
1561 2122 1679 2158 [xliia]
1699 2122 1872 2160 Depravatus
1891 2123 2041 2152 mulierum
2059 2123 2262 2160 praegnantium
2284 2121 2442 2160 appetitus,
2464 2128 2542 2160 quum
2560 2121 2567 2186 ἵ
2582 2115 2604 2150 a(

1423 2161 1535 2190 inutiles
1546 2161 1623 2190 cibos
1633 2167 1787 2199 appetunt,
1810 2160 1885 2198 quod
1897 2160 1955 2189 fere
1969 2160 2134 2198 contingere
2146 2160 2215 2189 solet
2230 2160 2354 2189 secundo
2373 2166 2422 2188 aut
2439 2160 2516 2189 tertio
2526 2167 2541 2190 a
2590 2185 2591 2189 ,

1423 2206 1564 2237 conceptu
1578 2199 1690 2233 mense,
1720 2208 1755 2228 ex
1777 2197 1912 2227 alimento
1934 2199 1965 2227 iri
1987 2198 2143 2228 ventriculo
2161 2206 2292 2236 corrupto
2304 2220 2312 2233 ,
2343 2198 2402 2226 fetu
2422 2204 2477 2227 tarn
2495 2197 2540 2227 ini-

1423 2236 1537 2271 becilli,
1568 2243 1598 2266 ut
1615 2237 1818 2266 nutrimentum
1838 2235 2002 2266 consumere
2028 2246 2087 2266 non
2104 2236 2195 2274 possit.
2255 2235 2330 2265 Hinc
2349 2235 2379 2264 fit
2400 2242 2431 2265 ut
2453 2236 2541 2274 eopio-
2587 2252 2589 2262 ι

1422 2273 1455 2303 sae
1466 2275 1494 2303 in
1508 2275 1663 2304 ventriculo
1677 2274 1871 2305 redundantiae
1880 2274 2059 2304 cumulentur
2071 2296 2079 2310 ‚
2102 2285 2161 2312 quae
2175 2274 2281 2303 varium
2293 2272 2496 2309 absurdumque
2506 2271 2540 2311 gis
2558 2283 2563 2308 i
2578 2274 2585 2302 ’ἶ

1420 2320 1510 2349 gnurit
1523 2314 1697 2350 appetitum,
1719 2320 1750 2342 ut
1770 2312 1945 2348 carbonum,
1966 2319 2048 2342 cretae
2069 2314 2095 2342 δε
2115 2311 2254 2342 similium.
2294 2311 2362 2341 Eam
2382 2311 2418 2340 ob
2439 2310 2539 2342 causam
2557 2310 2578 2354 is

1421 2351 1508 2380 Graeci
1520 2351 1625 2380 malum
1635 2351 1689 2380 hoc
1702 2349 1781 2378 ›ci‘riou
1791 2373 1799 2385 ,
1822 2351 1878 2379 hoc
1885 2350 1924 2379 est
1933 2351 2024 2388 picam
2035 2350 2211 2388 appellavere
2222 2372 2230 2384 ,
2253 2349 2286 2379 ab
2297 2350 2354 2379 avis
2367 2349 2426 2384 ejus
2433 2349 2538 2379 varietaa
2555 2346 2561 2387 i

1418 2388 1564 2456 {sumpta
1573 2387 1762 2419 similitudine.
1785 2388 1817 2418 V.
1838 2388 1971 2418 Alexand.
1983 2388 2107 2426 Aphrod.
2122 2398 2148 2418 2.
2169 2387 2260 2427 probl.
2272 2394 2317 2425 74.
2330 2384 2449 2425 Rhodig.
2463 2395 2486 2424 3.
2499 2396 2536 2423 ις.
2558 2396 2559 2422 i
2574 2407 2587 2442 „4
2603 2390 2604 2408 l

1462 2436 1472 2456 1
1498 2437 1542 2456 .1.
2558 2428 2584 2451 ¹..

1380 2463 1450 2493 Cr‘r
1458 2438 1507 2494 τ4Λ
1516 2475 1581 2494 ΜΗ
1592 2475 1654 2494 ros
1668 2487 1676 2499 ,
1699 2465 1717 2495 i.
1739 2474 1775 2495 m.
1799 2463 2025 2501 [zi-Hennaea]
2047 2463 2141 2493 Herba
2152 2465 2208 2499 est,
2230 2473 2291 2501 quae
2310 2462 2463 2493 Dioscoridi
2479 2461 2536 2492 Hel·
2548 2453 2559 2532 j
2571 2461 2586 2498 ’.ς

1417 2503 1484 2570 xffiine
1494 2525 1502 2538 ‚
1529 2505 1566 2569 &l
1578 2503 1697 2570 (ἐξῆοἰῃὶε
1715 2505 1858 2531 Parietaria
1878 2502 1991 2533 dicitur.
2034 2499 2127 2532 Utitur
2149 2502 2203 2532 hac
2228 2501 2418 2540 appellatione
2447 2499 2537 2531 Paulut
2554 2508 2584 2547 (τι

1472 2548 1546 2570 ineta
1570 2542 1577 2570 i
1601 2564 1606 2570 .
1621 2544 1647 2570 6.
2554 2549 2556 2562 ¹

1379 2551 1577 2645 CIT}¹UM⁹
1600 2579 1644 2608 vel
1663 2579 1684 2608 G
1696 2588 1834 2614 1T1UM‚
1857 2578 1875 2608 i.
1898 2588 1926 2608 n.
1963 2576 2094 2615 [KH-lm,
2121 2572 2246 2613 Exim]
2277 2576 2426 2615 Oppidum
2444 2573 2532 2614 Cypriz
2550 2566 2556 2605 i
2597 2576 2604 2631 ἶ4

1418 2626 1456 2645 un
1480 2627 1494 2645 e
1505 2639 1513 2652 ,
2602 2634 2604 2643 ι

1377 2653 1491 2683 Οιττι
1502 2664 1576 2690 aus,
1598 2665 1624 2690 a,
1646 2664 1703 2684 um.
1727 2652 1874 2690 [xii-lirin]
1895 2659 1935 2689 ut,
1952 2653 2069 2683 Cittieus
2081 2653 2170 2687 Zeno,
2186 2653 2262 2690 apud
2277 2651 2532 2690 Laerfiumlibq-pr.
2571 2681 2574 2687 ,
2602 2663 2604 2681 i

1378 2692 1401 2722 C
1411 2703 1420 2720 1
1430 2701 1450 2720 T
1460 2701 1479 2721 Τ
1489 2696 1505 2722 ὅ
1517 2702 1566 2721 sis
1578 2715 1586 2728 ,
1608 2694 1640 2722 is.
1662 2694 1680 2722 f.
1704 2691 1859 2729 [κί-Ηωως]
1883 2692 2003 2721 Uvarum
2018 2693 2117 2722 vitium
2131 2691 2186 2726 est,
2208 2700 2295 2728 quum
2307 2691 2380 2721 acini
2394 2700 2410 2721 a
2428 2659 2553 2735 racemit'l
2571 2697 2581 2717 Α
2594 2690 2604 2719 [i

1416 2729 1649 2769 dilapsipereunt.
1673 2730 1705 2760 V.
1727 2730 1792 2760 Cael.
1805 2730 2027 2768 Rhodig.Aiitiq.
2042 2730 2118 2760 Leti.
2127 2729 2178 2759 lib.
2189 2732 2215 2759 6.
2228 2738 2290 2767 cap.
2308 2739 2332 2759 1.
2550 2761 2553 2764 ‚
2599 2737 2603 2757 i

1378 2767 1521 2804 cirus,
1552 2769 1584 2799 In
1605 2779 1700 2799 erizo.
2550 2790 2551 2808 i
2596 2777 2602 2808 ,³

2591 2801 2603 2833 li

1848 2889 1878 2925 c
1973 2889 1989 2925 1
2082 2888 2116 2925 v
2427 2888 2431 2891 ⁴
2526 2852 2604 2952 'ici

2592 2966 2604 2986 2.

1379 2997 1401 3026 C
1411 3008 1418 3026 i
1428 3007 1445 3026 v
1455 2999 1472 3026 Κ
1481 3006 1496 3025 a
1506 3005 1524 3025 o
1537 3018 1544 3031 ,
1566 2995 1638 3026 onis.
1649 3003 1688 3026 m.
1710 2995 1814 3026 Civitas
1823 2996 1852 3025 iri
1864 2996 1965 3026 finibus
1976 2995 2165 3033 Allobrogum.
2187 2995 2245 3026 Cic.
2265 3004 2309 3025 ιο.
2324 2994 2399 3026 Fam.
2412 3000 2454 3032 23.
2466 2955 2548 3062 212⁴
2585 2990 2604 3025 Pii

1418 3035 1469 3064 Alii
1483 3034 1579 3072 legunt
1588 3034 1699 3064 Cularo.
1735 3033 1764 3063 V.
1790 3034 1878 3064 Graev.
2590 3032 2603 3062 bu

1379 3072 1489 3102 Civis
1501 3095 1508 3107 ,
1530 3073 1560 3102 is.
1585 3083 1609 3102 c.
1632 3071 1774 3109 [mm‘m.
1798 3073 1872 3108 δίᾳ-ἐς]
1895 3072 1975 3102 Cives
1988 3072 2055 3101 disti
2075 3072 2189 3108 (inquit
2205 3071 2329 3107 Cicero)
2347 3080 2362 3100 a
2386 3065 2546 3112 coeundowtl
2588 3072 2604 3101 iit

1415 3111 1491 3148 quod
1506 3111 1619 3140 viuculo
1630 3110 1753 3147 quodam
1761 3109 1898 3140 societatis
1910 3111 1937 3138 iti
1950 3119 2037 3139 unum
2055 3116 2157 3139 coeant
2178 3117 2284 3138 coetum
2297 3131 2305 3144 ,
2327 3109 2353 3138 ἃ,
2371 3107 2418 3137 sub
2433 3105 2526 3145 legibut
2540 3114 2545 3152 1
2583 3106 2604 3139 [lic

1415 3149 1519 3178 vivant.
1544 3148 1628 3178 Plaut.
1642 3149 1716 3178 Rud.
1732 3157 1756 3184 3.
1774 3159 1798 3183 4.
1813 3156 1855 3184 37.
1878 3147 2002 3177 Obsecro
2015 3147 2137 3177 defende
2146 3147 2221 3177 cives
2238 3154 2308 3181 tuas,
2328 3145 2418 3176 senex.
2441 3146 2492 3175 Cic.
2502 3151 2524 3180 3»
2541 3158 2544 3183 ς
2587 3150 2602 3177 iiii

1415 3186 1498 3215 Offic.
1510 3196 1555 3223 47.
1578 3187 1650 3216 Nam
1661 3186 1715 3215 effe
1731 3195 1781 3223 pro
1792 3187 1871 3221 cive,
1894 3186 1940 3223 qui
1954 3186 2022 3215 civis
2039 3195 2097 3214 non
2111 3185 2159 3220 sit,
2182 3186 2289 3214 rectum
2302 3184 2340 3213 est
2355 3193 2411 3213 non
2427 3183 2508 3212 licere.
2540 3188 2543 3208 Ι
2567 3182 2604 3215 lom

1416 3224 1491 3254 Civis
1502 3234 1580 3253 iiieus
1593 3247 1601 3259 ,
1624 3224 1697 3253 Civis
1708 3230 1771 3252 tuus
1784 3224 1885 3253 dicitur
1897 3246 1904 3259 ,
1927 3232 1978 3261 pro
1997 3230 2032 3252 eo
2049 3232 2134 3260 quein
2155 3223 2260 3252 bai-bari
2280 3228 2381 3251 vocant
2401 3222 2523 3248 concivonti
2538 3214 2542 3256 1
2579 3231 2604 3287 DQ

2587 3262 2604 3291 ei<

1436 3262 1494 3291 Cic.
1510 3272 1532 3291 1.
1556 3263 1592 3291 de
1610 3262 1670 3291 fin.
1686 3272 1728 3291 10.
1758 3261 1855 3291 Debeo
1871 3263 2016 3299 profecto,
2040 3269 2289 3298 quantumcunque
2312 3259 2435 3297 possum,
2454 3258 2481 3287 in
2494 3264 2525 3286 οῦ
2584 3299 2589 3325 d

2591 3309 2604 3328 er

1436 3309 1546 3344 quoque
1556 3300 1697 3329 elaborare
1707 3321 1715 3333 ,
1737 3307 1768 3329 ut
1778 3300 1828 3328 sirit
1838 3309 1923 3337 opera
1932 3321 1939 3333 ,
1962 3299 2053 3328 studio
2066 3321 2074 3333 ,
2095 3298 2191 3328 labore
2203 3307 2266 3327 meo
2277 3320 2284 3332 ,
2307 3297 2442 3326 doa‘tiores
2460 3294 2524 3324 cives

1434 3347 1500 3367 mei.
1539 3338 1617 3367 Idem
1631 3347 1652 3367 r.
1668 3337 1748 3367 Catil.
1766 3346 1808 3374 17.
1831 3337 1907 3367 Servi
1917 3347 1961 3366 me
1974 3337 2067 3367 hercle
2075 3337 2130 3366 mei
2141 3337 2212 3366 sime
2222 3335 2272 3365 isto
2279 3336 2361 3374 pricio
2371 3337 2522 3366 metuerent,
2578 3327 2604 3368 lilii

1436 3382 1467 3405 ut
1476 3382 1503 3404 te
1515 3382 1644 3405 metuunt
1655 3385 1754 3405 omnes
1763 3375 1836 3404 cives
1848 3375 1888 3404 tui
1901 3397 1908 3409 ,
1922 3376 1974 3405 διε.
2536 3375 2540 3403 f
2584 3373 2604 3406 lit,

1416 3412 1507 3442 Nostri
1521 3415 1606 3443 cives.
1629 3413 1687 3442 Cic.
1702 3422 1728 3442 2.
1744 3413 1779 3442 dc
1788 3413 1880 3442 Divin.
1897 3417 1924 3442 6.
2578 3407 2604 3443 Hui

1416 3451 1492 3480 Civis
1505 3452 1542 3480 est
1554 3473 1561 3486 ,
1584 3452 1640 3488 Qii
1655 3449 1777 3485 ejusdem
1787 3451 1825 3480 est
1838 3450 1941 3488 patriae.
1983 3449 2059 3480 Curt.
2070 3449 2118 3479 lib.
2131 3460 2157 3486 9.
2178 3449 2209 3478 in
2224 3449 2280 3479 fine
2290 3471 2299 3486 ,
2320 3446 2476 3486 Simplicius
2489 3448 2524 3474 ¹²⁴

1434 3499 1499 3518 men
1511 3491 1611 3518 faniam
1623 3488 1809 3517 aestimabatin
1824 3488 1915 3523 hoste,
1938 3497 2020 3525 quam
2036 3489 2063 3517 iri
2075 3489 2145 3517 eive.
2582 3496 2604 3523 με,

1415 3526 1490 3556 Civis
1504 3527 1699 3563 &Peregrinus
1708 3533 1899 3563 opponuntur.
1941 3526 1999 3555 Cic.
2012 3530 2038 3555 6.
2056 3526 2130 3554 Verr.
2142 3532 2187 3561 77.
2218 3524 2298 3562 Apud
2317 3522 2472 3560 Segestanos
2487 3524 2522 3548 re·
2574 3521 2602 3558 lam*

1433 3572 1542 3603 pertuni
1557 3565 1611 3593 elle
1623 3586 1630 3600 ,
1652 3564 1765 3600 judices
1777 3586 1784 3598 ,
1799 3563 1895 3592 scitote
1912 3564 2064 3597 neminem,
2077 3562 2305 3599 nequeliberum,
2318 3570 2407 3597 neque
2416 3530 2536 3607 servumni

1434 3613 1524 3640 neque
1532 3603 1640 3637 civem,
1662 3611 1753 3639 neque
1763 3602 1939 3638 peregrinum
1951 3622 1958 3635 ,
1981 3602 2028 3638 qui
2039 3601 2108 3630 illud
2118 3601 2223 3637 signum
2231 3600 2345 3628 auderet
2354 3598 2490 3635 attingere.
2578 3608 2604 3635 5313

1414 3640 1490 3669 Civis
1503 3642 1529 3670 δι
1541 3641 1657 3670 advena.
1699 3640 1757 3668 Cic.
1768 3643 1793 3668 6.
1813 3639 1886 3668 Verr.
1904 3648 1964 3674 ¹30·
1987 3639 2072 3675 Quod
2084 3639 2158 3668 cives
2171 3646 2253 3674 atque
2267 3636 2365 3666 incolae
2375 3636 2470 3673 Syracu
2530 3614 2534 3668 1

1433 3678 1526 3707 colere
1536 3701 1544 3714 ‚
1568 3679 1681 3707 advena:
1694 3687 1752 3706 non
1766 3676 1853 3706 solum
1870 3676 1956 3705 viserc
1968 3699 1975 3711 ,
1996 3686 2091 3705 verum
2112 3676 2197 3705 etiam
2209 3675 2332 3704 venerari
2344 3673 2470 3702 solebant.
2530 3686 2532 3690 v
2576 3685 2604 3711 ign..

1414 3715 1522 3745 Civis&
1534 3717 1690 3753 municeps.
1731 3714 1790 3744 Cic.
1805 3726 1828 3749 5.
1843 3714 1916 3743 Verr.
1933 3718 1992 3743 161.
2016 3713 2216 3743 Clamabatille
2226 3712 2320 3747 miser,
2340 3711 2367 3740 se
2376 3711 2461 3740 civem
2471 3701 2532 3747 esse}
2575 3715 2604 3747 ulii„

1432 3754 1608 3788 Romanum,
1630 3752 1803 3790 municipem
1817 3752 1965 3781 Cosanum.
2007 3751 2229 3781 RomaniCivem
2249 3749 2388 3787 Municipi
2406 3750 2531 3786 opp0fl0·!
2575 3757 2602 3784 [llis

1431 3791 1515 3827 bant,
1536 3798 1568 3820 ut
1584 3792 1703 3820 Romam
1718 3791 1822 3820 munici
1848 3791 1879 3819 iis
1895 3791 1919 3819 ἃ·
1935 3789 2047 3825 reliquis
2060 3789 2172 3826 oppidis
2188 3786 2284 3818 ltaliae.
2527 3797 2529 3827 i
2575 3786 2578 3790 '

1412 3829 1516 3859 Mundi
1526 3829 1604 3858 civis.
1645 3830 1703 3858 Cic.
1715 3828 1764 3857 lib.
1777 3838 1799 3857 r.
1834 3837 1848 3857 e
1861 3827 1953 3864 Legib.
1967 3830 2011 3856 61.
2034 3826 2111 3863 Quid
2123 3826 2252 3855 divinum
2264 3847 2271 3860 ,
2293 3816 2530 3859 aeternumquesssi,l
2574 3828 2603 3860 ciij(

1431 3867 1548 3896 viderit:
1573 3866 1718 3904 ipsumque
1726 3875 1757 3894 ea
1765 3866 1975 3898 moderantem,
1998 3865 2175 3901 &regentem
2186 3873 2265 3901 paene
2281 3859 2467 3900 prehenderit,
2484 3854 2529 3898 sesi
2572 3864 2595 3897 (is,

1432 3904 1514 3940 seque
1523 3906 1655 3939 non,unis
1668 3904 1873 3932 circumdatum
1886 3901 2035 3935 moenibus,
2045 3902 2209 3939 popularem
2221 3901 2337 3936 alicujus
2348 3896 2450 3927 definiti
2460 3895 2527 3936 lophi
2566 3894 2604 3937 loma.

1432 3942 1479 3971 sed
1490 3943 1578 3970 civem
1590 3942 1674 3970 totius
1685 3941 1801 3975 mundi,
1822 3940 1893 3976 quali
1908 3940 1989 3969 unius
2001 3939 2076 3969 urbis
2087 3939 2240 3977 agnoverit.
2263 3938 2304 3968 De
2317 3937 2409 3967 animo
2419 3956 2427 3970 ,
2447 3932 2527 3966 hulW
2566 3938 2604 3976 {³th

1431 3980 1556 4016 corporis
1569 3978 1687 4009 vinculis
1694 3979 1752 4013 jam
1762 3977 1897 4008 absoluto.
2447 4003 2517 4037 Solu·
