2604 4222
89 108 159 145 685
513 93 541 127 C
638 91 672 126 Ο
765 86 799 122 N

132 182 202 211 Cum
211 181 268 211 hoc
280 179 314 208 de
327 179 377 208 hac
386 186 415 207 re
426 174 555 205 convenit
567 172 643 202 mihi.
665 170 749 200 Plaut.
761 169 841 204 Capt.
855 174 880 194 2.
897 172 920 198 ι.
937 166 980 195 18.

133 219 247 250 Mecum
257 217 330 246 fratri
342 217 400 245 haec
415 223 472 242 non
486 211 663 241 conveniunt.
684 207 747 236 Ter.
765 203 839 233 Adel.
855 211 878 230 1.
892 210 915 229 1.
930 208 973 234 34.

228 255 293 284 Haec
308 254 381 283 fratri
393 259 502 281 mecum
518 257 575 278 non
591 249 778 277 conveniunt,
799 247 888 276 neque
904 236 1025 275 placent.

138 293 298 323 Convenire
311 292 354 321 de.
375 298 404 319 ut

139 332 182 361 De
192 331 265 359 fatto
275 328 414 358 convenit.
436 325 492 354 Cic.
507 333 530 351 1.
548 321 582 350 de
592 319 698 350 Invent.
712 326 753 345 ιι.
781 352 787 358 .

140 369 231 404 Hique
241 368 277 396 de
287 364 427 396 communi
437 361 528 391 officio
540 354 734 388 convenissent.
756 352 813 382 Cic.
822 360 852 394 ἰ.
864 348 920 379 Off.
935 355 997 382 144.
1081 379 1088 385 ι
1202 377 1209 383 ι

162 408 200 435 An
213 402 416 434 Convenissent,
428 408 475 437 pro
487 398 516 426 ln
530 395 648 425 eundem
661 392 752 421 locum
766 387 923 419 venissent?
945 385 980 415 H.
995 383 1033 412 St.
1060 379 1126 410 Sine
1144 377 1239 407 dubio.

141 443 184 474 De
194 442 290 480 pretio.
314 438 429 476 Quintil.
443 447 471 479 4.ι
483 444 509 463 2.

142 480 299 510 Convenire
311 500 319 511 ,
339 485 401 505 cum
417 474 517 502 dativo.
630 506 636 511 ,
782 501 787 507 ι
812 500 818 506 .

142 517 273 549 Posterius
285 514 368 552 priori
378 521 432 540 non
445 507 583 539 convenit.
605 505 662 534 Cic.
677 512 702 540 3.
714 502 749 545 de
759 499 849 544 F.¹¹³¹b·
860 508 905 536 35.
936 536 942 543 Α
997 533 1003 540 ⁸
1018 532 1024 539 ι
1162 527 1168 533 1
1222 525 1238 554 s

144 555 296 585 Convenire
306 551 351 581 fibi
363 572 371 584 ,
392 547 528 578 Constare.
565 543 622 573 Cic.
638 552 663 571 2.
678 541 712 570 de
722 539 808 569 Finib.
822 543 866 572 88.
888 537 945 573 Qui
957 534 1004 563 sibi
1017 541 1038 562 is
1048 531 1209 561 conveniet,
1232 535 1240 554 i

163 589 444 627 negabitvoluptateni
456 582 573 613 crescere
584 578 784 616 longinquitate
794 577 807 604 ‘2
1025 607 1032 614 ⁶
1139 603 1144 608 Π

144 631 172 660 si
183 629 230 658 tibi
239 629 274 655 ita
284 624 447 656 conveniat,
470 619 611 657 Expediat.
634 618 691 646 Cic.
703 626 727 649 9.
740 615 813 643 Fam.
827 621 868 641 12.
889 609 974 646 Quod
986 606 1099 645 quidem
1111 603 1127 632 si
1138 610 1175 631 ita
1185 601 1222 630 est
1231 620 1240 632 ‚

162 666 276 698 minime
286 664 368 692 miror
378 660 473 690 caelum
483 659 564 688 etiam
575 657 600 685 δι
609 661 691 684 terras
703 653 759 683 vim
769 651 843 680 suam
854 672 862 685 ,
883 648 901 678 si
913 648 961 677 tibi
971 647 1006 675 ita
1016 642 1181 676 conveniat,
1202 639 1244 668 di-

165 711 279 733 mittere.

146 740 259 772 Pulchre
270 736 399 767 convenit
412 731 542 771 improbis
555 729 674 760 cinaedis.
695 725 782 756 Catul.
799 731 840 769 53.
860 735 883 753 r.
929 760 935 767 .
957 759 963 765 ι
1126 754 1132 761 ⁸
1212 751 1228 758 ..

146 777 284 808 Convenit
299 781 329 804 ut
350 773 442 810 vespis.
483 767 651 798 Proverbiale
669 766 722 799 est,
744 765 779 793 de
798 762 891 805 hisque
909 760 964 790 dici
980 756 1067 800 potest
1087 764 1133 792 qui
1149 752 1243 782 studiis

164 814 292 844 omnibus
305 810 444 847 conjunCti
458 807 618 836 adnituntur
633 804 668 833 ad
683 812 740 832 rem
760 809 918 838 quampiam
938 803 1070 826 acerrime
1091 791 1243 821 defenden-

165 853 236 881 dam.
278 849 369 886 Vespae
387 847 461 876 enim
479 854 528 882 pro
546 844 598 872 suis
617 840 737 870 latibulis
749 839 824 867 velut
835 837 983 871 conjuratae
998 841 1097 868 magno
1112 826 1244 859 consensu

164 889 312 920 dimicant,
333 892 431 921 petunt
443 891 528 921 prope
537 880 700 910 accedentes
712 899 720 911 ,
741 878 766 907 δι
776 875 878 906 aculeis
891 874 1011 903 fodiunt.
1051 869 1133 898 Extat
1151 864 1244 896 Probae

164 935 273 958 carmen
291 922 446 958 hujusmodi
460 942 468 953 ,

235 961 372 991 Convenit
385 967 414 989 ut
423 957 508 994 vespis
521 977 529 989 ,
549 964 663 992 quarum
672 953 770 982 domus
780 960 841 980 arce
853 949 974 978 Monetae
1081 980 1087 986 .

234 999 340 1030 Turbat
353 1006 434 1034 agens
449 994 543 1024 striftis
556 1003 604 1030 per
619 992 692 1020 lutea
712 998 825 1026 corpora
845 986 915 1016 telis.
938 1022 944 1028 Ι
1009 979 1138 1018 Suspicor
1152 984 1244 1021 autern

163 1044 195 1068 ut
207 1039 232 1066 in
244 1036 348 1073 templo
361 1033 522 1063 concordiae
532 1031 582 1059 fuit
593 1030 674 1058 nidus
686 1028 864 1060 ciconiarum,
886 1023 921 1052 sie
937 1031 966 1051 in
974 1021 1038 1050 fano
1049 1018 1170 1049 Monetae
1184 1014 1244 1045 suis-

164 1076 191 1105 se
205 1083 320 1105 examen
331 1072 479 1109 vesparum.
502 1068 656 1098 Turnebus.
1134 1092 1141 1098 ·

146 1113 298 1143 Convenire
311 1110 407 1139 mulier
417 1109 473 1137 viro
484 1107 511 1135 in
523 1115 635 1135 manum
648 1102 796 1134 dicebatur,
817 1097 927 1136 quando
934 1096 1071 1125 bonorum
1086 1092 1245 1122 societatem

163 1150 257 1180 inibat.
280 1149 334 1177 Cic.
350 1149 378 1176 in
391 1146 537 1182 Topic.23.
551 1143 645 1179 Quum
656 1140 753 1170 mulier
764 1138 859 1167 viroin
870 1143 983 1178 manum
996 1131 1138 1176 convenit,
1152 1137 1245 1171 omnia

163 1197 221 1224 quae
233 1186 352 1216 mulieris
366 1185 493 1215 suerunt,
515 1182 564 1210 viri
576 1180 661 1213 fiunt,
682 1178 754 1206 dotis
765 1175 886 1203 nomine.
917 1172 986 1201 lbid.
1004 1181 1044 1212 ω’.
1066 1172 1142 1211 διιιῐει
1158 1167 1244 1196 Fabiae

162 1225 281 1263 pecunia
291 1223 378 1260 legata
390 1221 426 1251 est
437 1230 451 1249 a
462 1220 517 1249 viro
527 1241 534 1251 ,
556 1218 572 1246 si
584 1227 615 1246 ea
627 1226 694 1245 uxor
708 1211 911 1244 materfamilias
922 1209 988 1239 esset
997 1230 1005 1243 ‚
1026 1210 1043 1236 li
1054 1216 1085 1236 ea
1095 1216 1122 1234 in
1133 1212 1245 1233 manum

163 1264 211 1291 viri
223 1271 279 1291 non
289 1265 475 1292 convenerat,
497 1256 565 1285 nihil
577 1256 699 1284 debetur.
723 1252 751 1280 V.
772 1250 874 1286 reliqua
887 1270 895 1283 ,
917 1245 1034 1291 &supra
1045 1254 1062 1287 c
1071 1253 1087 1272 o
1098 1253 1111 1271 iz
1120 1254 1139 1271 M
1150 1252 1163 1271 p
1173 1251 1208 1270 τι
1218 1250 1244 1269 ο.

145 1299 302 1330 Convenire
313 1299 341 1326 in
354 1295 555 1325 matrimonium
565 1292 665 1321 dicitur
676 1289 789 1331 mulier,
810 1296 869 1324 quae
884 1286 973 1329 nubit.
984 1283 1089 1327 sapin.
1107 1280 1124 1310 l.
1144 1289 1204 1322 ¹.²¹·
1221 1279 1243 1314 §.

167 1348 190 1366 ι.
214 1338 245 1366 D.
265 1337 299 1364 de
309 1334 380 1363 verb.
397 1333 477 1369 oblig.
502 1331 603 1361 Mulier
614 1329 647 1358 ab
657 1338 690 1358 eo
703 1328 731 1356 in
742 1335 820 1361 cnjus
834 1330 1038 1364 matrimonium
1051 1317 1245 1363 conveniebat,

163 1373 290 1409 stipulata
301 1373 388 1402 fuerat
403 1371 537 1400 ducenta.
557 1369 574 1396 si
586 1366 746 1397 concubinae
757 1386 764 1396 .
785 1370 911 1399 ternpore
922 1365 1110 1400 matrimonii,
1131 1353 1246 1384 consue-

162 1412 288 1442 tudinem
297 1409 450 1447 repetiisset.
492 1405 561 1435 Gell.
574 1405 620 1434 lib.
636 1410 676 1438 18.
690 1412 748 1440 cap.
759 1404 784 1430 6
805 1407 874 1429 extr.
896 1398 1053 1442 Matronam
1070 1394 1172 1423 dictam
1191 1391 1246 1420 effe

164 1448 294 1488 proprie,
315 1457 373 1485 quae
392 1447 420 1475 in
439 1444 643 1474 matrimonium
662 1450 724 1471 cum
741 1448 798 1469 Viro
818 1435 995 1467 convenisset.
1014 1436 1065 1463 ἃς.
1107 1431 1137 1460 V.
1160 1430 1247 1459 Hoto-

164 1496 271 1517 manus.

143 1523 302 1558 Convenit,
325 1520 446 1552 absolute
455 1519 583 1558 positum,
595 1526 645 1556 pro
657 1525 689 1546 eo
699 1514 773 1553 quod
781 1513 819 1543 est
828 1535 837 1549 ‚
858 1512 940 1542 Paeto
951 1509 1089 1540 firmatum
1099 1506 1144 1536 est.
1159 1505 1245 1535 Plaut.

165 1561 263 1600 Amph.
277 1569 300 1589 1.
317 1569 339 1589 1.
351 1568 396 1596 70.
729 1590 735 1596 .

237 1598 389 1627 Convenit:
412 1595 475 1625 vieti
491 1593 544 1623 utri
556 1593 607 1622 smt
617 1601 651 1621 eo
661 1589 771 1629 praelm,

236 1635 358 1669 Urbem,
378 1642 490 1670 agrum,
511 1640 585 1665 aras,
605 1630 701 1663 focos,
722 1627 801 1665 seque
816 1625 856 1655 uti
875 1624 1017 1654 dederent.

164 1674 238 1704 Inter
252 1681 317 1702 eos:
339 1671 425 1706 utsit,
445 1669 583 1699 Convenit
594 1668 727 1697 intereos.
1230 1694 1236 1700 1

145 1711 227 1743 Paeto
239 1710 388 1744 convenit,
407 1715 446 1738 ut.
486 1706 542 1736 Liv.
557 1715 601 1742 ²⁴·
614 1709 639 1735 6.
662 1704 742 1734 Paeto
754 1700 899 1735 convenit,
919 1704 951 1729 ut
961 1707 1046 1735 quum
1057 1695 1198 1726 Romanos
1208 1694 1249 1724 Si-

166 1749 230 1779 cilia
244 1746 426 1785 expulissent,
448 1746 499 1775 &c.
1224 1769 1230 1775 .

146 1786 354 1818 ldconvenerat
367 1784 383 1812 si
404 1791 479 1812 rium.
519 1780 664 1814 Liv.9.23.
677 1783 745 1807 extr.
767 1776 798 1806 ln
818 1781 944 1813 tempore
964 1772 1106 1812 postquam
1125 1770 1249 1813 ardentia

165 1822 263 1863 procul
274 1793 432 1852 viditcafira
446 1818 569 1856 magister
579 1816 704 1854 equitum
724 1814 776 1851 (id
794 1818 963 1843 convenerat
980 1809 1107 1848 signum)
1128 1807 1249 1837 hostiurn

1110 1618 1227 1650 subaudi
1238 1639 1248 1653 ,

254 1861 278 1888 'n
317 1859 343 1888 di
358 1881 365 1888 .

148 1865 358 1934 Ctgrriszriitvgaxt.
393 1895 449 1925 Liv.
464 1903 506 1931 30.
518 1901 562 1929 43.
583 1891 805 1926 Nuntiarentque
823 1888 869 1924 ei,
888 1893 938 1924 ut,
962 1886 980 1916 si
992 1895 1046 1925 pax
1058 1882 1248 1917 convenisset,

171 1936 226 1966 sine
234 1936 322 1973 pretio
330 1943 376 1963 eos
386 1930 650 1969 Carthaginiensibus
657 1928 791 1958 redderet.
1148 1959 1154 1965 ι

149 1973 287 2004 Convenit
298 1973 335 2001 ita
345 1981 397 2009 pax
409 1992 417 2004 ,
438 1977 476 1999 ut.
517 1968 574 1998 Liv.
591 1978 613 1997 ι.
626 1977 650 2003 3.
673 1967 727 1996 Pax
737 1966 774 1994 ita
784 1967 969 1997 convenerat,
989 1967 1020 1991 ut
1028 1958 1180 1994 Hetruscis,
1200 1957 1255 1986 La-

168 2010 282 2047 tinisque
290 2009 389 2038 fluvius
401 2007 495 2038 Albula
505 2028 514 2041 ,
535 2015 617 2043 quem
626 2014 701 2034 nunc
714 2002 837 2032 Tiberim
849 2006 949 2030 vocant
960 2022 969 2036 ,
989 1999 1051 2029 finis
1062 1997 1136 2027 esset.

151 2048 288 2079 Convenit
299 2056 351 2084 pax
361 2047 388 2074 in
400 2054 443 2074 eas
453 2044 634 2074 conditiones.
674 2041 785 2075 Liv.29.
803 2049 844 2068 12.
867 2039 898 2068 ln
909 2047 955 2068 eas
970 2036 1146 2067 conditiones
1164 2041 1250 2071 quum

172 2095 225 2124 pax
235 2083 419 2118 convenisset,
439 2082 473 2112 ab
487 2091 548 2119 rege
558 2079 656 2110 foederi
669 2078 776 2116 ascripti
789 2076 890 2112 Prusia,
910 2077 962 2106 ἃς.

154 2123 331 2154 Conveniunt
339 2129 438 2150 mores.
462 2119 525 2149 Ter.
537 2119 604 2148 And.
618 2128 644 2152 4.
658 2127 682 2146 2.
695 2125 737 2153 η.

244 2159 323 2189 Hanc
332 2157 400 2187 mihi
414 2156 550 2194 expetivi,
570 2155 704 2192 contigit:
728 2152 898 2183 conveniunt
910 2159 1016 2180 mores:
1039 2150 1091 2180 dcc.

152 2198 218 2229 Non
226 2196 355 2226 convenit
367 2204 478 2224 nomen.
498 2193 563 2222 Ter.
579 2192 644 2221 And.
660 2202 682 2226 ς.
695 2202 721 2226 4.
733 2201 778 2225 40.

191 2236 301 2264 Nomen
312 2242 367 2262 nori
377 2231 514 2261 convenit.
526 2240 570 2259 ca.
580 2230 631 2259 suit
640 2228 731 2258 hercle
741 2227 817 2257 aliud
825 2226 891 2256 huic
901 2233 1056 2264 parvae.ci-1.
1069 2221 1251 2262 quod,Crito?

153 2272 218 2302 Non
231 2271 397 2300 conveniunt
407 2270 464 2298 haec
475 2268 586 2306 nuptiis.
606 2267 670 2297 Ter.
682 2266 750 2296 And.
764 2276 788 2294 2.
800 2274 825 2293 2.
838 2274 882 2298 29.
1123 2255 1136 2270 ⁰

154 2309 292 2339 Convenit
303 2308 336 2337 ad
349 2316 501 2336 nummum.
543 2305 600 2334 Cic.
618 2315 641 2339 ς.
657 2305 710 2333 Att.
729 2313 772 2338 ες.
797 2302 872 2339 Quid
892 2310 962 2338 opus
982 2300 1020 2329 est
1033 2321 1041 2335 ,
1063 2299 1192 2335 inquam,
1213 2307 1252 2326 ra-

171 2347 261 2376 tiones
274 2345 443 2375 conferatis?
465 2342 610 2373 Adsidunt:
633 2341 804 2370 subducunt:
826 2341 860 2368 ad
876 2347 1022 2368 nummum
1041 2336 1180 2366 convenit.
1220 2335 1253 2362 ils

170 2391 318 2412 trouverem
332 2383 383 2409 leur
395 2389 480 2416 conte,
504 2381 535 2407 Ils
546 2380 630 2416 furem
644 2379 758 2406 d'accord
772 2377 890 2404 touchant
903 2378 924 2403 le
937 2382 1014 2404 come.
1035 2375 1162 2404 Budaeus.

156 2421 294 2451 Convenit
304 2428 433 2449 numerus
444 2425 575 2455 quantum
585 2416 677 2446 debui.
698 2415 761 2445 Ter.
777 2415 885 2444 Phorm.
900 2425 921 2442 i.
934 2423 959 2442 2.
974 2422 998 2448 3.
1152 2447 1158 2453 ⁵

154 2459 265 2489 Fac‘tum
276 2457 413 2487 convenit.
454 2457 553 2485 fluitur
563 2455 597 2484 ad
607 2454 707 2483 Heren.
724 2463 745 2482 r.
760 2458 800 2486 18.
833 2450 1000 2488 ‚Iuridicialis
1020 2449 1179 2479 constitutio
1202 2447 1254 2484 est,

174 2505 257 2534 quum
269 2495 370 2524 factum
382 2494 527 2528 convenit,
548 2492 593 2521 sed
607 2492 664 2527 jure
678 2501 712 2520 an
725 2490 823 2526 injuria
836 2490 937 2519 factum
947 2488 978 2517 sit
989 2509 997 2523 ,
1019 2487 1155 2525 quaeritur.

155 2534 279 2570 Tempus
291 2534 315 2562 δι
327 2531 403 2560 locus
414 2531 552 2560 convenit.
574 2530 630 2558 Liv.
645 2539 666 2558 i.
682 2538 725 2563 24.
742 2538 781 2565 pr.

156 2570 333 2601 Conveniunt
344 2567 482 2605 utriusque
492 2567 582 2597 verba.
605 2566 688 2596 Plaut.
702 2566 784 2595 Truc.
799 2575 824 2600 4.
837 2573 861 2601 3.
872 2574 917 2593 ιο.

158 2608 297 2638 Convenit
315 2616 397 2641 cum,
416 2613 447 2635 ut
463 2605 606 2635 Somnium
626 2613 688 2633 cum
707 2613 735 2632 re
755 2603 894 2632 convenit.
936 2600 994 2630 Cic.
1014 2609 1036 2628 ι.
1060 2599 1094 2629 de
1108 2598 1256 2634 Divin.99.

177 2645 261 2683 Quod
271 2644 383 2681 quidem
400 2642 535 2672 somnium
546 2642 656 2671 Sisenna
670 2650 754 2677 quum
766 2637 950 2678 disputavisset
965 2637 1079 2668 mirifice
1093 2638 1127 2666 ad
1144 2637 1258 2667 verbum

178 2693 241 2713 cum
254 2692 281 2712 re
292 2680 449 2711 convenisse
459 2702 467 2713 ,
486 2687 543 2709 tuin
554 2679 716 2713 insolenter,
734 2680 785 2707 διε.

161 2721 230 2750 Voto
244 2720 375 2749 convenit
383 2727 432 2747 res.
456 2718 539 2747 Ovid.
549 2726 573 2746 2.
588 2718 676 2745 Amor.
689 2727 714 2751 4.
729 2719 771 2750 36.

159 2758 296 2788 Convenit
305 2757 360 2785 hoc
369 2755 438 2785 aetati
455 2755 557 2784 nostrae.
597 2753 653 2783 Cic.
666 2753 694 2782 in
706 2751 830 2782 Hortens.
852 2752 923 2781 Nam
933 2750 998 2788 quid
1010 2750 1109 2779 vereris
1121 2772 1129 2783 ,
1153 2759 1189 2779 ne
1200 2758 1258 2778 non

181 2795 326 2825 conveniat
341 2794 434 2822 nostris
446 2792 569 2821 aetatibus
579 2792 666 2820 oratio
680 2811 685 2820 ‚
708 2800 766 2827 quae
777 2790 879 2827 speetat
891 2790 925 2818 ad
940 2788 1107 2817 hortandum
1117 2789 1130 2816 ἱ)

161 2833 227 2864 Haec
238 2841 338 2869 pompa
347 2831 477 2860 convenit
486 2830 564 2868 ponti
575 2851 583 2863 ,
606 2828 692 2858 Decet
703 2834 824 2865 pontem.
847 2826 963 2857 Martial.
976 2826 1022 2855 lib.
1039 2835 1080 2854 12.
1094 2835 1137 2862 3²·

181 2907 212 2938 Μ
240 2869 305 2899 Haec
317 2868 478 2898 sarcinarum
496 2876 599 2905 pompa
626 2866 757 2895 convenit
775 2866 863 2903 ponti.
945 2864 1015 2894 Cum
1036 2862 1130 2892 Aecus.
1170 2860 1256 2891 Plaut.

215 2917 268 2936 erc.
286 2918 307 2940 ς.
324 2918 348 2941 4.
362 2916 406 2937 24.

238 2944 336 2974 Itidem
346 2965 354 2978 ,
374 2949 519 2979 uttempus
530 2941 595 2970 anni
608 2963 616 2976 ,
638 2945 744 2970 aetatem
754 2940 835 2969 aliam
845 2938 921 2968 aliud
932 2938 1034 2968 fastum
1044 2937 1185 2966 convenit.

162 2982 297 3012 Convenit
308 2982 335 3010 in
346 2991 408 3010 eum
419 2980 476 3009 haec
486 2979 611 3016 suspicio.
648 2978 706 3007 Cic.
720 2987 770 3015 pro
782 2977 856 3006 Rosc.
871 2979 956 3005 Amet.
975 2980 1019 3009 ός.
1043 2975 1103 3004 Erat
1117 2983 1199 3011 porro
1214 2982 1261 3002 ne·

181 3030 227 3049 mo
237 3042 245 3053 ,
266 3020 295 3048 in
306 3028 386 3055 quem
402 3027 433 3046 ea
448 3017 562 3055 suspicio
572 3016 740 3046 conveniret.
780 3015 798 3045 i.
816 3024 840 3044 e.
862 3014 904 3043 De
916 3014 1026 3043 nemine
1036 3020 1144 3050 poterat
1154 3011 1208 3041 else
1220 3011 1262 3040 su-

184 3057 267 3093 spicio
277 3078 284 3091 ,
307 3065 387 3092 quam
398 3055 431 3083 de
445 3054 500 3084 illo.

166 3094 226 3124 Hoc
238 3093 412 3122 maledictum
424 3093 451 3121 in
463 3092 535 3121 illam
545 3096 651 3120 aetatem
662 3100 718 3119 non
730 3089 867 3119 convenit.
890 3088 947 3117 Cic.
961 3098 1010 3125 pro
1022 3087 1113 3117 Deiot.
1124 3097 1168 3122 ²9-

168 3131 365 3160 Convenithoc
375 3131 401 3158 iri
412 3136 437 3159 te
449 3138 577 3165 uno,non
588 3129 616 3157 in
629 3128 712 3157 alium
722 3137 885 3164 quenquam.
901 3126 959 3154 Cic.
970 3136 994 3155 2.
1008 3127 1042 3154 de
1054 3127 1107 3155 Nat
1125 3125 1205 3154 Deor.
1215 3134 1259 3162 74.

169 3169 230 3198 Hoc
239 3168 367 3198 convenit
376 3168 403 3196 in
413 3177 507 3196 omncs
517 3165 612 3195 luscos.
634 3165 690 3194 Cic.
700 3175 725 3194 ².
739 3166 774 3194 de
786 3165 862 3194 Orat.
875 3168 937 3199 246.

169 3206 304 3235 Convenit
316 3207 343 3234 in
359 3214 402 3233 me
416 3204 521 3240 quidvis
539 3203 634 3232 harum
650 3212 749 3232 rerum.
770 3202 833 3231 Ter.
846 3202 944 3231 Heaut.
961 3211 984 3235 ς.
999 3211 1021 3229 ι.
1035 3208 1060 3235 3.
1072 3199 1129 3228 Cic.
1143 3209 1167 3234 ς,
1185 3198 1261 3228 Verr.

188 3247 250 3272 206.
271 3243 338 3272 Sunt
348 3242 470 3278 quadam
480 3242 593 3270 omnino
604 3241 630 3269 in
643 3248 670 3269 te
682 3239 822 3277 singularia
834 3261 842 3275 ,
864 3249 924 3276 quae
939 3238 967 3266 in
985 3237 1092 3266 nullum
1112 3238 1197 3266 alium
1214 3238 1265 3265 ho-

188 3281 288 3309 minem
300 3280 354 3308 dici
367 3301 374 3313 ,
396 3289 486 3314 neque
495 3279 642 3307 convenire
654 3276 763 3315 possint.

172 3317 305 3346 Convenit
315 3317 367 3345 hoc
377 3317 404 3345 in
415 3317 532 3352 aliquem
544 3337 551 3349 ,
573 3325 622 3352 pro
634 3315 854 3344 Consentaneum
872 3314 910 3342 est
925 3313 960 3342 de
974 3322 1007 3342 eo
1019 3310 1120 3341 dicere.
1161 3311 1217 3340 Cic.
1234 3312 1264 3341 in

190 3354 260 3383 Praet.
273 3354 396 3383 Urbana:
418 3353 486 3389 Quae
498 3354 562 3381 vitia
573 3353 701 3381 videntur
717 3353 744 3381 iri
764 3353 887 3388 quemvis
906 3352 1017 3388 potius,
1038 3359 1120 3387 quam
1139 3349 1167 3377 in
1184 3350 1265 3380 istum

191 3393 341 3420 convenire.
380 3391 605 3420 [ronicedietum.
629 3389 708 3418 H.St.
750 3389 789 3419 Ex
805 3399 828 3424 ς.
842 3389 914 3417 Verr.
932 3393 991 3421 128.

174 3428 350 3457 Convenitad
361 3437 423 3457 euni
434 3427 491 3456 liaec
503 3426 679 3456 contumelia.
701 3426 757 3455 Cic.
773 3436 822 3464 pro
837 3426 901 3455 Sull.
932 3426 948 3454 i.
961 3436 985 3454 e.
1008 3424 1135 3453 Pertinet.

174 3464 272 3501 magna
282 3466 350 3502 petis
362 3487 369 3497 .
390 3474 448 3502 quae
460 3475 514 3493 non
530 3463 763 3494 conveniuntistis
775 3464 885 3492 viribus.
910 3463 993 3492 Ovid.
1006 3473 1031 3491 2.
1048 3463 1115 3491 Met.
1128 3472 1170 3498 54.

175 3501 347 3530 Conveniunt
358 3502 398 3530 lite
410 3503 476 3531 vites
488 3503 520 3530 ad
533 3501 574 3531 vel
585 3502 611 3529 in
627 3503 749 3536 quemvis
761 3511 862 3537 agrum.
886 3500 954 3529 Cato
971 3499 1038 3529 R.R.
1050 3503 1140 3536 cap.6.
1163 3498 1265 3529 Ceteroe

194 3540 260 3567 vites
271 3561 278 3572 ,
291 3541 322 3581 ⁴&
335 3540 369 3568 de
381 3539 422 3567 his
434 3539 558 3568 miscellae
569 3539 688 3567 maxime
698 3560 706 3573 ,
728 3539 756 3567 iri
767 3538 890 3576 quemvis
901 3548 994 3573 agrum
1006 3538 1183 3566 conveniunt.

176 3575 346 3617 Convenitin
361 3586 419 3604 eam
430 3586 494 3605 rem.
535 3578 601 3605 Cato
617 3576 646 3604 R.
657 3575 687 3604 R.
702 3585 760 3613 cap.
773 3586 816 3605 ιι.
840 3576 878 3605 Eo
896 3574 1013 3604 fistulam
1030 3576 1145 3604 ferream
1155 3575 1263 3611 indito,

194 3622 252 3649 quae
264 3613 496 3655 inncolumnellam
509 3614 655 3642 conveniat
666 3635 673 3646 ,
695 3615 720 3642 δι
735 3616 763 3642 in
774 3624 882 3650 cupam.

177 3648 312 3691 Convenit
322 3652 424 3685 optime
432 3651 465 3678 ad
478 3651 575 3687 pedem
588 3650 745 3679 cothurnus.
768 3652 824 3680 Cic.
838 3661 858 3686 3.
875 3651 909 3679 de
921 3649 1007 3678 Finib.
1019 3660 1064 3686 49.

177 3686 299 3721 Aliquem
308 3688 452 3729 convenire
464 3709 470 3719 ,
493 3698 539 3723 pru
551 3688 578 3716 ln
587 3689 628 3722 jus
637 3697 739 3716 vocare.
760 3688 822 3725 Ulp.
838 3689 892 3716 inl.
904 3688 1038 3716 Neratius.
1061 3688 1092 3716 D.
1106 3687 1142 3716 de
1153 3685 1227 3723 relig.
1239 3688 1266 3718 ἀ

194 3723 389 3768 1Γυιηρῑ..ΐυηι·-ι·.
412 3725 437 3751 Si
449 3734 511 3766 vero
519 3726 585 3753 alius
597 3725 731 3753 suneravit
741 3747 748 3760 ‚
771 3725 845 3763 posse
854 3735 918 3754 curn
930 3725 1056 3754 maritum
1068 3725 1226 3754 convenire.

178 3760 330 3789 Convenire
340 3760 453 3795 aliquem
465 3772 490 3788 in
501 3762 550 3796 jus.
575 3762 656 3790 Plaut.
671 3763 749 3791 Most.
763 3774 785 3796 ς,
802 3774 822 3791 ι.
840 3775 883 3797 ,0.

179 3797 326 3839 Conveniri
338 3819 344 3829 ,
367 3798 393 3824 ln
404 3797 555 3839 1ιιξνῡεαιί,
577 3799 737 3836 Papinianus
751 3800 807 3829 inl.
823 3800 927 3837 cupitis.
948 3799 981 3829 D.
995 3800 1030 3829 de
1040 3799 1155 3835 fideiuss.

179 3836 291 3862 Actione
302 3843 450 3876 conveniri.
474 3834 533 3877 Ulp.
544 3836 570 3863 iri
581 3836 596 3864 l.
609 3847 630 3870 ς.
651 3837 671 3873 ξ,
686 3837 863 3874 Quacunque.
888 3839 917 3865 D.
933 3838 968 3866 de
983 3838 1174 3873 jurejurando.

176 3870 286 3901 Testato
296 3880 443 3901 convenire
454 3870 613 3902 debitorem.
635 3873 695 3909 Ulp.
708 3876 735 3902 in
749 3874 765 3903 Ι.
779 3875 795 3903 si
804 3884 1015 3911 procuratorem.
1037 3876 1058 3912 §.
1073 3875 1090 3904 si
1101 3877 1267 3912 ignorantes-

1301 1311 1523 1343 Couvsurr,

1311 2560 1634 2594 ConvaNisN’riiR,
1657 2559 1725 2588 Adv.

1318 3049 1641 3084 CONVRNiRNTrA,
1673 3061 1702 3079 ει».
1735 3051 1752 3079 f.

1765 61 1794 95 C
1892 61 1926 95 Ο
2024 58 2059 94 N

1345 145 1380 176 D.
1397 143 1521 175 Mandati
1532 164 1540 176 ,
1560 141 1613 172 Sed
1625 142 1651 170 Et
1669 142 1688 170 si
1702 141 1798 185 testato
1811 147 2003 171 convenerunt
2018 142 2174 172 debitorem
2191 164 2199 178 ,
2219 147 2250 172 ut
2268 143 2285 172 si
2298 141 2354 181 ipse
2365 147 2443 179 puta.

1346 191 1406 217 ret,
1426 180 1576 218 appellaret
1591 189 1597 208 :
1621 187 1689 215 puto
1701 187 1837 208 rationein
1855 180 1893 207 eis
1904 180 2034 208 constare.

1328 219 1519 286 Cpslvggssrtirin
1535 217 1633 246 usuras.
1657 216 1720 254 Ulp.
1738 216 1755 246 l.
1779 217 1909 254 Idemque
1927 219 1961 246 St.
1983 218 2005 254 ᾗ.
2025 217 2054 247 Si
2071 223 2239 256 procurator.
2258 217 2291 247 D.
2315 218 2442 248 Mandat.

1329 295 1380 361 PE)
1394 293 1523 360 rffialigua
1532 291 1684 320 conveniri.
1695 290 1793 320 Paulus
1802 291 1830 320 in
1843 291 1860 321 l.
1873 291 1900 321 Si
1911 291 2034 322 mandat.
2047 293 2070 329 §.
2083 291 2180 322 Paulus
2191 291 2335 330 respondit
2345 302 2443 323 unum.

1381 356 1384 360 .
1433 342 1464 359 {HI
1490 342 1502 358 'd
1518 340 1534 358 1.

1331 370 1488 400 convenire
1499 367 1704 408 aliquem,·pro
1716 365 1833 403 Alioqui.
1872 365 1929 395 Cic.
1944 376 1967 400 ς.
1981 367 2054 396 Fam.
2069 378 2111 397 11.
2134 367 2256 404 Eamque
2272 367 2291 396 si
2302 376 2374 404 opus
2391 366 2446 398 esse

1351 408 1506 437 videbitur,
1528 413 1702 433 conveniam.
1743 403 1873 437 Nonius,
1895 403 2072 442 Interpellare
2083 406 2286 444 interpretatur.

1332 444 1523 474 Convenire&
1535 441 1667 477 colloqui.
1691 440 1752 469 Ter.
1768 441 1836 469 Eun.
1852 449 1875 474 3.
1891 450 1916 469 2.
1938 451 1980 477 14.

1334 482 1491 512 convenire
1503 480 1588 508 etiam
1600 479 1635 506 de
1650 478 1689 507 Re
1703 479 1856 507 meretricia
1870 478 1979 509 dicitur.
2021 479 2090 508 Plin.
2104 489 2145 510 ιι.
2159 489 2204 517 2⁴.
2235 478 2371 510 Clunibus
2382 489 2450 510 con-

1352 520 1468 549 veniunt
1478 518 1576 546 aranei.
1618 515 1681 544 Ter.
1697 515 1764 545 Hec.
1781 526 1803 545 i.
1815 525 1841 544 2.
1852 522 1923 545 extr.

1425 557 1457 585 Et
1465 555 1575 592 quidem
1589 563 1658 590 ego:
1680 563 1744 582 nam
1755 554 1884 582 constitui
1893 563 1958 583 cum
1971 553 2093 588 quodam
2103 554 2229 593 hospite,

1426 595 1473 624 Me
1485 592 1537 621 ess'e
1551 591 1631 619 illum
1642 598 1851 620 conventuram.
1963 591 2017 620 Ubi
2038 591 2139 621 Donat.
2179 592 2221 622 De
2237 592 2395 629 cujusmodi
2409 601 2450 622 re-

1352 632 1404 661 bus
1415 632 1488 669 apud
1502 637 1648 659 extraneos
1657 630 1815 658 meretrices
1827 634 1922 665 agunt.

1333 670 1513 700 Conveniunt
1525 667 1605 696 multi
1617 666 1716 703 populi
1731 666 1936 703 Carthaginem.
1973 666 2106 700 Budaeus,
2127 666 2202 704 apud
2213 666 2278 696 Plin.
2291 667 2338 698 lib.
2352 677 2449 706 3.eap.

1355 717 1379 744 3.
1404 708 1565 736 Conventus
1577 704 1693 741 legimus
1706 714 1756 741 pro
1769 705 1802 734 iis
1813 726 1820 739 ,
1842 714 1911 740 quos
1923 704 1971 731 dies
1986 714 2084 740 magnos
2103 705 2186 734 nostri
2203 712 2320 735 vocant:
2344 708 2370 736 &
2390 716 2452 735 ver-

1350 746 1417 775 buiii
1430 744 1587 773 Convenire
1603 742 1704 770 eodem
1718 743 1868 778 pertinens.
1911 741 2104 779 Carthaginem
2124 743 2259 780 (inquit)
2278 744 2450 774 conveniunt

1354 782 1451 822 populi
1462 791 1504 810 Lx
1515 791 1540 810 v.
1554 780 1678 817 exceptis
1689 780 1836 809 insularum
1847 779 1956 808 incolis.
1997 780 2014 808 i.
2029 790 2054 809 e.
2076 778 2141 815 Jura
2154 780 2319 818 Carthagine
2332 788 2448 818 petunt;

1354 820 1428 858 quod
1441 829 1516 848 nunc
1529 818 1640 848 refortirr'
1650 817 1787 853 dicimus,
1809 817 1958 846 vernaculo
1978 817 2115 847 vocabulo
2132 827 2190 846 nori
2207 824 2312 848 temere
2331 819 2450 857 prolato.

1355 859 1394 888 est
1405 859 1479 887 enirn
1490 867 1504 885 a
1519 854 1720 885 consuetudine
1732 856 1890 884 Graecorum
1901 877 1908 889 ,
1930 855 1976 891 qui
1987 852 2117 890 λαγχάνω
2134 853 2204 884 eiiam
2217 855 2316 886 dicunt
2327 877 2335 891 ,
2358 858 2383 887 &
2396 856 2452 886 Ro-

1355 896 1430 926 mani
1442 896 1534 924 Sortes
1545 893 1712 928 judiciorum
1723 893 1872 922 dicebant:
1895 898 1925 921 ut
1938 892 2010 930 Virg.
2021 897 2047 922 6.
2066 893 2128 923 AEn.
2145 902 2209 930 431.

1429 933 1489 962 Nec
1504 941 1569 961 vero
1586 931 1642 960 fine
1654 930 1724 960 sorte
1734 931 1803 959 darie
1813 953 1821 964 ,
1844 931 1899 960 sine
1913 930 2004 964 iudice
2014 930 2095 968 leges.
2182 931 2214 960 Et
2227 930 2326 967 Juven.
2339 940 2382 966 η.
2396 931 2452 962 Sat.

1354 981 1396 1009 pr.
1421 971 1469 999 ubi
1480 979 1554 999 urnae
1566 969 1699 998 Praetoriae
1711 969 1848 998 meminit.
1891 968 1948 997 Cic.
1960 980 1986 1002 4·
1999 968 2074 997 Verr.
2088 973 2131 1005 38.
2155 968 2304 998 Adversarii
2315 969 2454 1007 postulant

1354 1016 1386 1052 ut
1397 1009 1425 1037 in
1436 1018 1496 1037 earn
1507 1017 1564 1036 rem
1574 1006 1682 1043 iudices
1692 1006 1792 1036 dentur
1802 1007 1878 1036 exiis
1888 1005 2047 1036 civitatibus
2058 1028 2067 1042 ,
2087 1016 2147 1044 quae
2164 1007 2194 1036 in
2211 1007 2241 1036 id
2249 1007 2341 1037 forum
2353 1016 2455 1037 conve-

1353 1054 1454 1075 nirent.

1336 1084 1502 1114 Convenibo
1515 1083 1592 1112 istam
1602 1104 1611 1118 ‚
1631 1081 1661 1110 in
1672 1082 1765 1125 futuro
1776 1083 1898 1119 antique
1905 1078 2020 1112 dietum.
2057 1081 2145 1112 Plaut.
2157 1081 2245 1112 Calin.
2257 1090 2317 1119 3·2·
2332 1091 2374 1120 17.
2398 1080 2455 1112 Ubi

1355 1123 1460 1159 nuptiae
1470 1121 1572 1151 fuerint
1584 1142 1592 1155 ,
1613 1126 1673 1149 tum
1688 1120 1765 1149 istam
1775 1120 1943 1149 convenibo.

1299 1159 1347 1190 Co
1358 1169 1402 1189 nv
1414 1170 1427 1188 s
1438 1169 1457 1188 Ν
1468 1170 1502 1188 ιο
1512 1170 1526 1188 r.
1536 1181 1544 1194 ,
1560 1159 1604 1188 Tri.
1628 1157 1692 1195 pass.
1714 1158 1776 1187 Sen.
1789 1159 1823 1187 de
1833 1158 1908 1187 Brev.
1920 1157 2005 1192 Vitae,
2026 1167 2086 1195 cap.
2106 1166 2148 1192 14.
2170 1157 2263 1187 Noae
2273 1158 2453 1187 conveniri&

1337 1198 1457 1227 interdiu
1470 1198 1502 1226 ab
1520 1195 1649 1226 omnibus
1668 1195 1830 1225 mortalibus
1842 1196 1960 1233 possunt.
1999 1195 2056 1225 Cic.
2070 1201 2095 1228 8.
2113 1196 2166 1225 Att.
2181 1205 2224 1225 ιι.
2247 1195 2348 1225 Verum
2366 1205 2454 1233 quum

1338 1236 1429 1264 habeo
1438 1237 1573 1264 rationem
1584 1234 1694 1263 dierum
1706 1255 1714 1268 ‚
1735 1240 1799 1263 ante
1810 1240 1879 1272 puto
1893 1232 2126 1269 transmissurum,
2147 1242 2231 1271 quam
2249 1234 2371 1272 potuerit
2388 1243 2456 1263 con-

1337 1274 1434 1303 veniri.
1475 1273 1516 1302 De
1529 1271 1655 1301 Lentulo.
1677 1270 1758 1301 Conf.
1780 1271 1860 1310 supra
1875 1271 1898 1308 J.
1919 1271 1951 1301 C.

1543 1309 1672 1346 [auiam.
1697 1310 1796 1345 σιξέπκ,
1827 1309 1950 1345 assues]
1979 1307 2173 1347 impersonale.
2203 1308 2222 1338 i.
2244 1318 2269 1338 e.
2300 1308 2412 1339 Decens
2428 1310 2455 1340 &

1337 1350 1510 1380 conveniens
1519 1348 1566 1378 est.
1587 1346 1700 1376 Terent.
1710 1346 1779 1376 Eun.
1793 1356 1818 1382 3.
1835 1357 1860 1375 ².
1873 1358 1919 1382 4¹-
2099 1362 2137 1367 -—
2147 1346 2222 1376 haud
2231 1348 2363 1377 convenit

1380 1387 1489 1416 Unaire
1499 1396 1564 1416 cum
1584 1385 1878 1421 amicaimperatorem
1888 1385 1916 1413 in
1926 1385 1979 1414 via.
2090 1384 2148 1414 Cic.
2164 1393 2206 1414 ιι.
2220 1384 2293 1414 Fam.
2306 1394 2330 1420 3.
2356 1384 2455 1422 Neque

1335 1425 1413 1455 enim
1424 1425 1564 1459 decet,aut
1574 1423 1707 1452 convenit
1716 1423 1806 1457 nobis,
1818 1422 1945 1460 periculo
1958 1421 2006 1452 ulli
2016 1421 2177 1452 submittere
2186 1423 2310 1452 animum
2320 1423 2455 1453 nostrum.

1337 1463 1403 1493 Non
1413 1462 1629 1492 convenitenim
1637 1482 1645 1495 ,
1667 1470 1754 1496 quum
1766 1470 1817 1498 ego
1828 1461 1862 1489 ad
1874 1461 2089 1498 promerendum
2100 1460 2225 1490 officium
2235 1466 2290 1490 tam
2300 1460 2400 1490 fuerim
2408 1470 2457 1490 ex·
2500 1471 2501 1474 ¹

1357 1501 1530 1538 peditus.vos
1537 1500 1572 1528 ad
1582 1498 1755 1528 referendam
1762 1499 1878 1536 gratiam
1888 1498 1942 1528 esse
1952 1498 2153 1528 tardiores.Cic.
2160 1499 2313 1542 Anteqiret
2321 1499 2349 1527 in
2358 1498 2454 1529 exii-6.

1339 1538 1397 1575 Qui
1408 1539 1483 1568 enim
1491 1537 1625 1567 convenit
1636 1558 1644 1572 ,
1665 1542 1696 1565 ut
1706 1537 1752 1573 qui
1762 1538 1792 1566 in
1802 1536 1884 1566 rebus
1893 1536 2029 1575 improbis
2045 1537 2193 1574 populares
2205 1536 2324 1572 fuerint,
2345 1536 2431 1566 iidem
2443 1557 2455 1572 ,

1358 1580 1409 1606 διο.
1432 1576 1490 1606 Cic.
1504 1585 1528 1613 7.
1542 1574 1660 1618 Philipp.
1673 1585 1700 1610 4.

1303 1614 1325 1645 C
1334 1625 1350 1644 o
1359 1624 1378 1643 N
1387 1625 1404 1643 v
1415 1624 1427 1642 a
1436 1624 1455 1642 N
1467 1625 1476 1642 1
1485 1623 1498 1641 iz
1508 1623 1529 1642 N
1537 1623 1548 1642 s
1560 1635 1568 1648 ,
1589 1612 1687 1642 Partic.
1710 1608 1911 1649 [συνεςχέμῖυῶυ]
1928 1618 1975 1649 ut,
1993 1611 2082 1650 Copia
2091 1611 2274 1649 agricolarum
2284 1611 2456 1642 conveniens

1340 1662 1376 1682 ex
1386 1653 1463 1680 omni
1473 1659 1558 1689 parte.
1581 1650 1691 1680 Lucret.
1701 1650 1748 1679 lib.
1762 1655 1787 1679 6.
1805 1660 1883 1685 ¹259·

1340 1691 1416 1720 Bene
1426 1689 1626 1719 convenientes
1637 1688 1796 1725 propinqui.
1821 1688 1878 1718 Cic.
1896 1697 1919 1717 1.
1933 1687 1991 1717 Off.
2005 1693 2047 1722 58.
2069 1688 2087 1717 i.
2099 1696 2124 1716 e.
2147 1687 2318 1718 Concordes.

1340 1727 1517 1757 Conveniens
1530 1727 1575 1756 ad.
1616 1726 1674 1755 Cic.
1687 1727 1723 1755 de
1735 1726 1841 1755 Amicit.
1856 1735 1898 1762 17·
1920 1725 1998 1755 Nihil
2012 1726 2050 1755 est
2068 1726 2144 1755 enim
2160 1733 2216 1756 tam
2224 1733 2329 1756 naturae
2341 1730 2455 1764 aptum,

1359 1772 1416 1796 tam
1439 1766 1608 1794 conveniens
1629 1764 1664 1793 ad
1688 1773 1731 1794 res
1756 1763 1800 1793 vel
1814 1763 1948 1794 secundas
1968 1763 2013 1794 vel
2029 1762 2161 1794 adversas.
2199 1764 2228 1794 h.
2241 1774 2267 1795 e.
2295 1763 2457 1802 Proprium,

1360 1810 1472 1841 aptum,
1494 1802 1749 1832 accommodatum.

1341 1841 1432 1871 Sonus
1443 1841 1612 1870 conveniens
1620 1840 1653 1869 ad
1666 1840 1793 1869 sormam.
1816 1838 1901 1869 Ovid.
1914 1839 1944 1869 in
1955 1838 2035 1874 Ibin,
2049 1844 2115 1876 438.

1340 1879 1467 1916 Tempus
1477 1879 1563 1916 operi.
1587 1878 1673 1907 Ovid.
1690 1886 1712 1914 3.
1727 1877 1763 1906 de
1774 1877 1850 1906 Pont.
1861 1887 1885 1912 9.
1902 1882 1945 1914 36.

1342 1918 1444 1955 Aptum
1461 1918 1485 1946 ἃ
1500 1917 1569 1945 inter
1581 1915 1606 1945 se
1620 1916 1802 1945 conveniens.
1841 1915 1899 1945 Cic.
1915 1925 1938 1945 1.
1960 1914 2018 1944 off.
2034 1924 2095 1951 ιςι.
2126 1914 2203 1945 Talis
2227 1915 2266 1945 est
2287 1915 2370 1953 igitur
2388 1913 2459 1944 ordo

1360 1955 1502 1984 aetionum
1511 1953 1703 1988 adhibendus,
1725 1960 1755 1982 ut
1766 1953 2004 1990 quemadmodum
2015 1952 2045 1982 in
2060 1954 2186 1985 oratione
2204 1953 2356 1990 constanti,
2376 1952 2412 1983 sic
2428 1953 2460 1982 in

1361 1993 1417 2022 vita
1429 1993 1523 2021 omnia
1536 1992 1586 2020 sint
1595 1999 1658 2028 apta
1674 1993 1745 2020 inter
1757 1990 1782 2019 se
1792 1992 1817 2020 ἂ
1827 1991 2031 2020 convenientia.

1344 2030 1521 2060 Conveniens
1534 2052 1541 2063 ‚
1561 2029 1730 2065 [waiam]
1752 2029 1914 2065 Congruens
1925 2028 2109 2060 autidoneus.

1343 2068 1401 2098 Sibi
1413 2068 1609 2097 convenientia
1621 2067 1702 2103 finge.
1725 2067 1790 2096 Hor.
1806 2067 1841 2095 de
1857 2067 1918 2096 Arte
1927 2066 2003 2097 Poet.
2015 2076 2078 2103 119.

1347 2106 1437 2136 Modo
1449 2106 1635 2134 convenienti.
1660 2105 1764 2134 Lucret.
1780 2113 1804 2134 2.
1822 2113 1884 2140 939.

1344 2144 1417 2173 Pede
1428 2143 1613 2172 convenienti.
1634 2142 1711 2171 Idem
1722 2154 1748 2178 4.
1761 2151 1824 2179 792.

1345 2182 1522 2211 Conveniens
1534 2181 1650 2208 homini.
1673 2180 1757 2209 Ovid.
1771 2190 1795 2209 2.
1810 2180 1845 2210 de
1855 2180 1933 2212 Pont.
1944 2190 1969 2217 9.
1981 2189 2026 2218 93.

1345 2220 1421 2256 Quid
1433 2218 1506 2248 facio
1518 2219 1738 2247 convenientius.
1762 2218 1846 2247 Valer.
1859 2228 1883 2253 3.
1898 2228 1922 2254 3.

1344 2256 1640 2298 Convenientiisinium
1653 2256 1728 2285 bono
1739 2256 1801 2285 civi.
1825 2256 1891 2285 Plin.
1906 2266 1929 2292 3.
1944 2256 2026 2295 Epist.
2041 2260 2084 2291 ¹8.

1346 2295 1610 2324 Convenientiiiima
1621 2303 1744 2323 nemora.
1767 2294 1904 2324 Coluniel.
1917 2294 1966 2324 lib.
1979 2305 2004 2330 7.
2016 2304 2078 2332 cap.
2092 2304 2118 2329 4.

1309 2333 1627 2366 ΟοΝνιῑΝιιῑΝουε,
1650 2342 1681 2365 a,
1701 2342 1759 2361 um.
1782 2331 1840 2362 Cic.
1855 2332 2004 2368 1.Fam.8.
2026 2332 2157 2362 Nostrum
2172 2329 2293 2362 studium
2304 2329 2460 2362 exstabitin

1345 2370 1547 2406 conveniendis
1561 2369 1769 2406 magistratibus.

1346 2409 1416 2438 Etin
1428 2408 1514 2450 soi-ma
1524 2408 1685 2445 gerundiva.
1709 2414 1757 2443 ut,
1779 2406 1854 2437 Inter
1869 2406 1895 2437 se
1905 2407 2103 2438 conveniendo
2122 2407 2239 2445 gignunt
2254 2413 2389 2438 armenta.
2413 2407 2466 2438 Lu·

1367 2445 1530 2475 cret.lib.2.
1545 2456 1606 2479 921.
1638 2445 1656 2474 i.
1667 2455 1690 2474 e.
1713 2445 1859 2475 Coeundo.

1348 2483 1473 2514 Facultas
1484 2483 1725 2512 conveniendirei.
1749 2483 1858 2521 Ulpian.
1872 2483 1891 2512 l.
1909 2483 2044 2520 Idemque
2060 2484 2094 2513 δι.
2110 2483 2129 2515 Ε.
2143 2481 2251 2512 ultimo.
2271 2482 2302 2512 D.
2316 2482 2464 2520 Mandati,

1365 2522 1394 2552 Si
1407 2522 1492 2550 modo
1506 2520 1603 2550 habuit
1612 2521 1772 2550 facultatem
1787 2522 1824 2550 rei
1838 2521 2045 2556 conveniendi,
2067 2520 2293 2557 desiderandique
2303 2526 2352 2556 ut,
2373 2522 2425 2550 ἃς.
2512 2512 2519 2523 s

1463 2597 1468 2602 ι
1583 2597 1586 2602 ‚
1609 2597 1614 2602 Α
1679 2597 1683 2602 ι
1748 2558 1949 2595 [ww-[baur]
1976 2558 2034 2588 Cic.
2046 2569 2072 2595 4.
2089 2559 2172 2588 Acad.
2193 2558 2259 2588 Non
2275 2559 2352 2588 enirn
2371 2557 2463 2597 potest

1350 2604 1550 2627 convenienter
1560 2597 1616 2625 dici
1628 2619 1636 2630 ,
1657 2597 1727 2625 nihil
1738 2597 1941 2633 comprehendi
1955 2596 2040 2631 posse.

1352 2636 1448 2664 Vivere
1458 2636 1658 2663 convenienter
1667 2642 1778 2664 naturae.
1800 2635 1858 2664 Cic.
1870 2644 1892 2670 3.
1907 2633 1963 2665 Off.
1980 2643 2021 2670 ¹3-

1352 2673 1542 2709 Congruenter
1550 2678 1652 2701 naturae
1667 2673 1921 2709 convenienterque
1930 2673 2032 2701 vivere.
2055 2670 2113 2700 Cic.
2128 2679 2153 2706 3.
2165 2669 2201 2700 de
2211 2670 2270 2701 Fin.
2284 2673 2330 2702 26.

1351 2711 1558 2740 Convenienter
1568 2711 1703 2739 rationi&
1714 2710 1855 2740 sententiae
1866 2709 1917 2739 suae
1926 2710 2027 2739 dicere.
2051 2709 2108 2738 Cic.
2123 2718 2147 2738 2.
2163 2709 2200 2738 de
2212 2708 2270 2738 Fin.

1352 2748 1557 2791 Convenienter
1570 2748 1646 2783 loqui
1662 2748 1696 2777 ad
1707 2748 1803 2777 statum
1813 2748 1982 2785 praesentem.
2026 2746 2082 2776 Liv.
2096 2756 2138 2781 23.
2155 2757 2178 2781 ς.
2201 2745 2312 2776 Morem
2322 2745 2409 2784 magis
2424 2745 2466 2776 Io-

1370 2786 1473 2821 quendi
1487 2795 1551 2828 cum
1562 2783 1641 2814 sociis
1651 2785 1786 2820 servastis,
1809 2786 1961 2823 Campani,
1977 2786 2030 2815 ἃς.
2050 2794 2133 2822 quam
2145 2785 2342 2814 convenienter
2351 2784 2387 2814 ad
2398 2793 2468 2822 ptae-

1372 2824 1476 2853 sentem
1487 2824 1604 2852 {ortunae
1614 2823 1710 2852 nostrat
1721 2824 1817 2853 statum
1832 2823 1918 2853 locuti
1930 2823 1998 2852 estis.

1352 2860 1447 2904 Mores
1459 2862 1658 2890 convenienter
1667 2862 1843 2891 euntstudio.
1885 2862 1902 2891 i.
1912 2871 1935 2891 e.
1958 2859 2040 2890 Tales
2057 2859 2118 2889 sunt
2136 2868 2226 2889 mores
2245 2859 2303 2895 tui,
2323 2858 2406 2896 quale
2426 2858 2466 2888 est

1372 2899 1492 2928 studium
1505 2921 1511 2933 ‚
1535 2900 1562 2927 in
1575 2908 1629 2934 quo
1640 2900 1782 2928 exerceris.
1808 2899 1890 2929 Ovid.
1905 2908 1927 2934 3.
1940 2899 1975 2928 de
1987 2899 2049 2928 Arte
2059 2899 2117 2927 Am.
2133 2907 2195 2933 545.

1355 2936 1484 2973 Compar.
1506 2937 1709 2966 Similitudines
1721 2937 1897 2972 exprimendi
1912 2946 1972 2973 quae
1984 2936 2071 2974 prima
2087 2935 2171 2965 fuerit
2183 2934 2262 2972 origo
2273 2955 2281 2970 ,
2301 2934 2330 2964 in
2341 2943 2373 2964 ea
2384 2943 2468 2972 quam

1375 2975 1504 3011 plasticen
1515 2974 1599 3004 Graeci
1611 2982 1729 3009 vocant,
1751 2976 1806 3004 dici
1816 2975 2027 3004 convenientius
2045 2973 2105 3003 erit.
2128 2973 2196 3002 Plin.
2209 2972 2260 3003 lib.
2272 2981 2315 3009 34.
2328 2982 2390 3011 cap.
2403 2981 2429 3009 7.

1356 3012 1464 3049 Superi.
1487 3012 1757 3042 Convenientillime.
1783 3013 1920 3050 Augustin.
1933 3012 2014 3050 Epist.
2031 3020 2054 3047 3.

1370 3088 1386 3096 ν
1783 3052 1799 3086 [
1807 3048 1943 3084 ὁμαλυέα,
1973 3045 2100 3085 ἐφοιρωγῆ
2109 3048 2125 3083 ]
2158 3047 2302 3086 Propertio
2331 3047 2466 3085 quaedam.

1355 3087 1417 3131 Cic..
1428 3097 1449 3116 i.
1463 3087 1518 3116 Off.
1534 3097 1573 3122 ¹4-
1597 3086 1711 3117 Nullum
1723 3087 1798 3117 aliud
1810 3088 1913 3117 animal
1924 3087 2161 3126 pulchritudinem
2172 3107 2181 3121 ,
2201 3085 2380 3120 venustitem‚
2401 3094 2470 3114 con-

1355 3134 1523 3153 venientiam
1537 3127 1653 3162 partium
1667 3125 1756 3155 sentit.

1355 3162 1456 3205 Rerum
1468 3164 1660 3192 convenientia
1671 3164 1698 3192 in
1718 3163 1841 3192 amicitia
1861 3162 1914 3198 est,
1935 3162 1965 3191 in
1982 3171 2015 3192 ea
2033 3161 2165 3192 stabilitas
2180 3181 2188 3197 ,
2205 3161 2234 3190 in
2253 3170 2285 3190 ea
2303 3159 2464 3191 constantia·

1375 3200 1433 3229 Cic.
1449 3200 1483 3228 de
1494 3202 1599 3229 Aiiiicit.
1618 3211 1677 3230 ioo.

1357 3236 1558 3266 Convenientia
1569 3237 1796 3274 conservatioque
1806 3242 1916 3267 naturae.
1939 3237 1997 3267 Cic.
2012 3246 2034 3265 ι.
2050 3235 2107 3265 Off.
2126 3245 2186 3265 ioo.

1357 3275 1560 3304 convenientia
1571 3277 1789 3313 conjunctioque
1800 3282 1913 3305 naturae.
1937 3275 1993 3305 Cic.
2004 3284 2030 3303 α.
2046 3273 2080 3302 de
2090 3274 2178 3303 Divin.
2195 3281 2256 3308 124.

1357 3313 1468 3342 Naturae
1479 3315 1676 3343 convenientia
1688 3323 1752 3343 cum
1763 3313 1842 3343 extis.
1864 3314 1922 3342 Cic.
1935 3323 1959 3342 2.
1974 3313 2009 3342 de
2021 3312 2112 3341 Divin.
2126 3320 2167 3347 34.
2181 3310 2221 3340 De
2230 3309 2299 3340 extis
2308 3308 2467 3340 hostiarum.

1322 3349 1344 3380 C
1353 3360 1368 3379 o
1379 3360 1397 3378 Ν
1408 3360 1424 3379 ν
1434 3353 1450 3378 i:
1460 3360 1478 3379 Ν
1489 3361 1511 3379 xa
1520 3373 1527 3384 ,
1550 3355 1635 3380 arum.
1661 3361 1684 3380 c.
1701 3353 1721 3395 ·[
1732 3351 1869 3385 συνήλυπι]
1891 3351 2031 3384 dicuntur,
2054 3350 2110 3386 Qui
2121 3358 2155 3378 ex
2169 3348 2277 3378 diversis
2286 3344 2397 3386 populis
2405 3355 2470 3383 gen-

1358 3388 1487 3432 tibusque
1502 3389 1530 3431 iri
1546 3399 1600 3418 una
1620 3399 1723 3418 moenia
1735 3389 1922 3423 conveniunt,
1945 3387 2078 3423 simulque
2097 3386 2268 3421 coalescunt,
2289 3385 2379 3422 inquit
2394 3384 2470 3414 Valla

1358 3436 1387 3454 in
1399 3426 1578 3455 Raudeniem.
1620 3428 1676 3456 Cic.
1692 3437 1715 3455 i.
1728 3427 1762 3455 de
1776 3426 1851 3455 Orat.
1866 3435 1907 3461 37.
1928 3427 1966 3455 An
1976 3435 2041 3454 vero
2060 3425 2111 3454 tibi
2127 3423 2261 3454 Romulus
2273 3423 2336 3458 ille,
2358 3429 2405 3452 aut
2424 3432 2471 3460 pa-

1358 3464 1442 3506 stores
1455 3466 1479 3492 S<
1492 3473 1629 3493 convenas
1641 3463 1817 3501 congregasse
1827 3485 1834 3498 ,
1856 3471 1903 3492 aut
1913 3464 2090 3498 Sabinorum,
2103 3464 2154 3492 ἃς.
2177 3461 2244 3492 Plin.
2255 3460 2303 3490 lib.
2318 3471 2341 3496 ς.
2358 3469 2469 3498 capi-1.

1359 3500 1391 3531 ln
1404 3501 1477 3530 diem
1490 3511 1522 3529 ex
1537 3512 1613 3537 aequo
1625 3511 1810 3530 convenarum
1825 3501 1905 3530 turba
1916 3500 2072 3530 renascitur.

1358 3535 1494 3568 Romulus
1504 3539 1606 3577 asylum
1619 3539 1754 3568 convenis
1763 3538 1902 3577 patefecit.
1925 3540 1985 3569 Aur.
1998 3538 2067 3568 Vist.
2083 3537 2118 3566 de
2128 3535 2182 3566 Vir.
2195 3534 2279 3566 lllust.
2291 3545 2351 3573 cap.
2364 3544 2390 3566 2.

1359 3577 1441 3619 Aquae
1451 3585 1591 3606 convenae.
1614 3577 1699 3606 Solin.
1714 3587 1774 3614 cap.
1793 3586 1833 3610 ςο.

1358 3612 1438 3679 Siniti.-
1456 3623 1569 3643 nurnero
1583 3614 1723 3650 Adjeeiive
1732 3612 1817 3644 utitur
1828 3614 1964 3643 Animian.
1979 3622 2021 3648 ις.
2035 3621 2078 3649 η.
2101 3611 2236 3642 Convena
2248 3610 2371 3648 undique
2381 3608 2491 3647 multi-³

1379 3659 1407 3679 tu
1433 3661 1486 3680 ine.

1359 3688 1500 3717 Convenae
1512 3710 1520 3721 ,
1543 3689 1691 3723 Aquitanica
1702 3688 1823 3727 populus
1837 3711 1845 3723 ,
1867 3689 1896 3718 V.
1911 3686 1991 3726 supra
2005 3687 2024 3718 s.
2038 3687 2054 3718 l.

1325 3721 1509 3758 CONvssNTm.
1521 3728 1588 3755 onis.
1603 3727 1620 3756 f.
1634 3727 1774 3762 [συνηλιισπ.
1784 3724 1899 3761 συνθήκη]
1911 3723 2095 3763 UlpianDde
2103 3721 2197 3753 Paetis.
2211 3721 2229 3753 l.
2238 3733 2259 3752 ι.
2271 3722 2474 3753 Conventionis

1361 3764 1475 3792 verbum
1487 3764 1613 3799 generale
1625 3765 1662 3793 est
1676 3766 1709 3793 ad
1720 3765 1813 3793 omniu
1827 3765 1983 3801 pertinens,
2004 3764 2039 3791 de
2057 3762 2155 3798 quibus
2170 3761 2277 3798 negotii
2294 3760 2478 3790 contrahendi

1361 3800 1581 3844 transigendique
1589 3802 1667 3830 causa
1676 3802 1862 3835 consentiunt,
1873 3803 1918 3837 qui
1931 3802 2001 3829 inter
2015 3796 2041 3829 se
2053 3806 2146 3836 agunt.
2168 3799 2242 3827 rideo
2254 3806 2344 3828 autern
2355 3807 2478 3827 conven-

1361 3844 1445 3866 tionis
1456 3848 1557 3866 nomen
1566 3839 1692 3875 generale
1704 3839 1750 3871 est.
1778 3848 1808 3868 ut
1817 3840 1954 3876 eleganter
1968 3839 2042 3867 dicat
2052 3836 2159 3871 Pedius,
2184 3836 2292 3865 nullum
2304 3835 2357 3864 esse
2370 3842 2477 3864 contra-

1364 3876 1450 3906 t‘tum.
1465 3875 1568 3919 nullam
1578 3877 1789 3916 obligationem,
1802 3887 1862 3915 quae
1873 3886 1931 3907 non
1942 3876 2041 3907 habeat
2053 3875 2083 3904 in
2096 3873 2122 3905 se
2131 3873 2359 3907 conventionem,
2372 3872 2423 3901 sive
2437 3883 2474 3907 re,

1363 3911 1417 3943 sive
1427 3912 1515 3943 verbis
1526 3915 1580 3945 nat.
2347 3911 2476 3941 Conven-
