2667 4145
222 93 267 136 56
655 78 684 112 A
776 74 811 110 D
902 72 931 107 E

262 169 406 202 Adducere
418 189 425 201 ,
447 173 497 204 pro
513 160 691 192 Contrahere.
714 157 796 188 Ovid.
811 165 835 191 3.
858 154 926 184 Met.
941 160 1002 188 397.

341 206 376 236 Et
388 209 505 233 tenuant
521 199 615 237 vigiles
631 207 731 234 corpus
751 192 904 224 miserabile
926 198 997 218 curae
1010 207 1017 220 ‚

337 242 512 277 Adducitque
527 245 621 266 cutem
639 235 757 268 macies,
779 234 829 261 otc.
930 227 1002 261 Virg.
1017 231 1040 258 3.
1063 219 1162 255 Georg.
1189 221 1254 254 483.

344 279 483 309 Omnibus
499 277 558 305 3613
576 274 639 307 sitis,
652 272 762 300 miseros
783 268 936 297 adduxerat
953 270 1034 291 artus.

265 318 409 348 Adducere
425 321 556 354 praeterea
574 311 727 339 declaratur
742 317 790 346 per
807 304 922 334 verbum
941 299 1095 334 Redigere:
1118 300 1168 329 ut,
1187 292 1219 322 In
1239 289 1383 328 angustum

286 366 328 385 res
338 355 455 384 adducta
467 352 512 381 est.
544 349 602 378 Cic.
619 349 648 376 in
658 347 741 375 Laelio
762 355 806 373 20.

266 395 366 425 Febres
385 392 522 421 adducere
558 387 624 416 Hor.
651 396 672 414 1.
702 382 783 420 Epist.
806 389 830 415 7.
855 383 880 411 8.

267 432 346 461 Sitim
361 437 494 466 tempora.
523 425 590 454 Hor.
607 435 632 459 4.
662 422 751 450 Carni.
777 427 817 446 12.
842 425 883 451 13.

267 468 396 499 Taedium
417 465 533 499 alicuius
552 462 599 490 rei.
621 460 687 489 Plin.
708 457 754 486 lib.
779 464 820 491 30.
852 461 911 488 cap.
934 459 976 484 15.
1060 485 1066 490 ⁸

267 506 382 535 Vultum
405 503 441 533 ad
459 501 603 532 tristitiam,
627 497 659 525 ld
674 496 728 528 est,
747 490 918 521 contrahere.
940 488 1003 516 Sen.
1016 484 1099 528 Epist.
1114 488 1157 519 58.
1379 514 1384 519 ¹

267 544 375 574 Adduci
394 552 422 571 re
442 540 540 576 aliqua,
554 534 776 570 utBenignitate,
790 528 906 564 injuria,
928 527 979 555 &c
1012 525 1069 553 Cic.
1093 531 1116 564 3⁴.
1139 520 1212 548 Verr.
1229 526 1298 558 191.ἡ
1329 514 1387 551 Qui

288 581 457 615 benignitate
470 574 591 606 adducti,
606 582 653 609 per
668 568 835 598 beneficium
846 571 871 595 ec
883 564 997 602 gratiam
1011 560 1167 591 civitatibus
1182 555 1384 587 concesserunt,

288 626 320 648 ut
338 610 467 647 0101111103
488 623 537 651 pro
556 612 695 639 frumento
716 607 822 635 darent.

270 654 520 686 Commendatione
537 647 661 681 alicujus.
687 644 743 673 Cic.
758 654 781 679 3.
803 642 877 672 Fam.
894 651 937 678 55.

270 693 412 725 Mercede.
434 691 490 719 Cic.
514 698 535 715 1.
563 686 597 713 de
622 684 698 712 Orat.
724 687 786 717 198.

270 732 359 762 Metu.
383 730 439 758 Cic.
467 738 489 761 ς.
514 725 587 752 Verr.
612 732 653 758 55.

270 769 354 799 Odio.
377 767 433 796 Cic.
459 775 481 793 1.
504 763 556 791 Art.
582 770 623 795 13.

271 806 382 838 Officio,
402 804 473 837 fide,
495 797 689 828 misericordia.
721 795 779 825 Cic.
798 803 821 823 1.
844 791 920 821 Verr.
939 799 964 826 ς.

269 844 410 873 Oratione.
435 839 499 869 Cres.
522 848 544 866 1.
563 836 629 866 Bell.
649 833 719 864 Gall.
740 843 781 869 15.

270 880 462 911 Ostentatione
477 876 575 912 aliqua.
607 873 665 902 Cic.
683 883 709 908 4.
742 869 825 900 Acad.
854 871 899 903 65.

269 919 368 949 Pretio.
401 916 458 945 Cic.
478 923 528 953 pro
551 912 652 941 Caecin.
672 920 716 947 29.

268 956 407 986 Precibus.
429 954 487 983 Cic.
510 962 550 987 14.
573 951 625 979 Att.
644 959 688 978 20.

270 993 445 1024 Rationibus.
471 991 528 1021 Cic.
555 999 571 1017 1.
605 987 687 1016 Tusc.
705 994 749 1022 71.
1062 1013 1068 1019 .
1090 1012 1096 1017 .
1241 1008 1246 1014 ”

270 1033 312 1062 Re
325 1031 425 1097 aliqual,
437 1030 486 1059 His
502 1026 583 1057 rebus
600 1024 714 1054 adducti
730 1024 756 1052 ἃ
767 1021 929 1051 3061001316
941 1017 1112 1055 Orgetorigis
1128 1014 1256 1049 permoti.
1279 1007 1345 1038 Caes.
1365 1016 1387 1035 1.

289 1069 357 1100 Bell.
370 1070 410 1098 Ca
423 1068 439 1097 Ι.
459 1068 488 1096 C.
506 1076 529 1103 3.

270 1109 325 1146 Spe
338 1105 480 1136 mercedis.
512 1104 569 1132 Cic.
585 1102 619 1131 de
630 1099 739 1130 Amicit.
757 1107 800 1134 31.

269 1146 368 1176 Studio
391 1142 523 1173 certandi.
547 1140 605 1170 Cic.
622 1150 648 1174 4.
681 1136 762 1166 Acid.
787 1138 830 1170 ⁶5·

270 1182 466 1220 Temporibus.
490 1180 547 1209 Cic.
574 1188 595 1207 1.
622 1175 679 1206 Off.
704 1183 746 1210 39.

269 1220 455 1252 Testimoniis.
487 1218 544 1247 Cic.
562 1225 587 1253 7.
609 1215 683 1244 Verr.
703 1217 763 1248 158.

270 1259 430 1289 Voluntate.
451 1256 508 1286 Cic.
527 1266 550 1289 ς.
567 1254 641 1283 Fam.
659 1262 682 1287 ς.
1062 1279 1067 1283 ¹
1203 1274 1208 1280 ⁸
1233 1274 1238 1280 ι
1341 1271 1346 1276 ’

270 1298 426 1330 Adducere,
439 1294 483 1324 vel
494 1292 601 1322 Addnci
620 1298 657 1319 nt.
676 1288 733 1318 Cic.
750 1296 772 1320 ς.
794 1282 876 1313 Tusc.
892 1292 934 1319 32.
960 1279 1082 1309 Adducis
1093 1286 1137 1306 me
1147 1282 1178 1305 ut
1189 1273 1241 1304 tibi
1252 1271 1387 1302 affentiar.

289 1336 321 1366 ld
335 1335 392 1369 est,
416 1333 463 1362 Me
473 1331 592 1364 inducis,
613 1327 679 1357 mihi
693 1323 846 1363 persuades.
868 1321 947 1351 idem
958 1326 982 1354 8.
1006 1317 1125 1354 Philipp.
1144 1325 1184 1351 30.
1227 1312 1299 1341 Nam
1316 1308 1388 1338 illud

287 1373 403 1411 quidem
422 1380 479 1399 non
501 1369 624 1398 adducor
652 1372 681 1394 ut
699 1363 818 1392 credam.
950 1394 952 1398 .
1068 1392 1073 1397 ι
1251 1388 1256 1393 .
1288 1386 1293 1392 ι

269 1411 379 1442 Adduci
392 1409 460 1438 illuc
478 1413 515 1436 iit.
539 1406 596 1435 Cic.
608 1415 629 1433 1.
644 1404 679 1432 de
692 1400 779 1431 finib.
795 1409 835 1433 14.
864 1395 935 1426 Nam
948 1392 1014 1422 illuc
1028 1390 1142 1430 quidem
1156 1388 1258 1418 adduci
1268 1395 1314 1415 Vix
1323 1382 1384 1423 pos-

288 1449 348 1479 sum
360 1471 367 1484 ,
384 1454 415 1477 ut
426 1457 457 1476 ea
465 1455 524 1483 quse
536 1441 646 1472 senserit
656 1440 703 1469 ille
711 1460 719 1474 ,
740 1436 792 1466 tibi
803 1445 860 1464 non
869 1432 1094 1475 vera-videantur.
1182 1465 1187 1470 ⁸
1369 1460 1374 1465 ι

270 1487 393 1521 Adduci,
408 1485 485 1522 Cogi.
516 1482 574 1511 Cic.
587 1481 621 1509 de
636 1479 743 1509 8611661.
759 1485 801 1512 34.
836 1470 922 1501 Nullo
933 1470 1030 1504 imbri,
1056 1465 1135 1496 nullo
1156 1464 1256 1502 frigore
1273 1460 1386 1496 addua,

289 1529 321 1555 ut
340 1524 430 1562 capite
445 1527 542 1559 operto
555 1519 593 1548 fit.
1020 1545 1025 1549 Ι
1237 1540 1242 1544 Ι
1313 1537 1317 1542 .

269 1563 379 1594 Adduci
389 1584 396 1596 ,
417 1559 583 1597 quandoque
594 1554 747 1585 declaratur
757 1560 806 1589 per
826 1547 941 1578 verbum
956 1544 1057 1573 Venire
1073 1552 1079 1571 :
1105 1548 1151 1576 ut,
1167 1540 1222 1570 Res
1236 1545 1388 1582 1061110160

289 1598 466 1631 3330613611,
503 1596 564 1625 Hoc
574 1594 612 1623 611
626 1616 633 1629 ,
652 1593 683 1623 10
703 1591 826 1623 crimen,
855 1586 907 1614 sive
925 1585 953 1612 in
971 1581 1195 1611 criminationem
1207 1583 1292 1606 venit.
1314 1574 1385 1604 Plin.

287 1639 336 1669 lib.
348 1647 391 1667 22.
403 1646 463 1674 cap.
478 1644 523 1669 25.
574 1633 649 1662 inter
659 1641 691 1659 ea
704 1638 763 1666 quae
775 1634 879 1656 temere
888 1622 1074 1654 manduntur,
1094 1617 1202 1647 boletos
1221 1615 1320 1644 merito
1339 1622 1389 1650 pO=

288 1676 405 1710 fuerim,
426 1672 512 1711 opimi
525 1671 638 1708 quidem
656 1669 706 1697 hos
720 1666 773 1696 cibi
787 1687 794 1700 ,
816 1663 863 1692 sed
882 1658 1016 1690 immenso
1032 1656 1162 1698 'exemplo
1182 1656 1211 1683 in
1221 1650 1390 1694 crimen-ad-

288 1715 388 1745 ductos
402 1734 410 1748 ‚
429 1719 539 1741 veneno
549 1708 663 1739 Tiberio
671 1704 788 1736 Claudio
798 1699 917 1740 principi
927 1708 976 1736 per
984 1698 1054 1726 hanc
1062 1696 1235 1724 occahonem
1245 1701 1260 1720 a
1268 1698 1387 1726 conjuge

289 1754 312 1783 A
344 1753 352 1781 i
394 1751 440 1779 ina
460 1749 533 1778 dato.
960 1764 963 1765 .

233 1795 281 1824 An
291 1761 393 1820 Dgul'glss
404 1798 421 1817 0
432 1797 443 1816 3
454 1809 462 1821 ,
483 1797 498 1815 3
508 1808 515 1820 ,
537 1795 593 1814 um.
618 1781 714 1812 Par-tic.
746 1771 969 1817 [neomwd'sC-Jw]
990 1771 1021 1801 V.
1039 1773 1069 1799 in
1080 1769 1138 1808 ipso
1151 1768 1246 1812 yerbo.
1275 1765 1346 1796 Plin.
1363 1773 1384 1793 x.

270 1829 353 1867 Epist.
369 1830 410 1856 16.
430 1824 543 1854 Prefflor
552 1828 676 1856 tantum,
698 1821 723 1849 ἃ
740 1811 980 1851 circunscrtpuor,
1001 1811 1028 1839 ὁὶ
1050 1809 1203 1851 311άο61101.
1244 1805 1287 1835 De
1309 1804 1389 1833 Pom-

270 1868 336 1908 peio
351 1864 499 1896 Saturnino
513 1861 644 1899 loquitur,
655 1858 702 1896 qui
713 1858 741 1885 in
751 1853 895 1885 scribendo
906 1848 1031 1891 studebat
1042 1847 1176 1888 brevitati.
1271 1872 1273 1874 ,
1298 1881 1303 1886 ι
1336 1880 1341 1885 1

231 1909 281 1937 An
290 1917 308 1935 D
316 1915 336 1934 0
344 1914 362 1933 c
369 1913 389 1932 ‘r
399 1914 408 1930 1
419 1912 437 1930 U
446 1911 467 1935 S,
487 1900 554 1929 Adv.
563 1907 683 1935 compar.
696 1904 735 1929 ut,
745 1891 896 1923 Adductius
905 1896 1021 1924 regnari,
1032 1886 1070 1914 est
1079 1880 1385 1917 Severius,Adstric'tius.

271 1943 362 1975 Tacit.
387 1940 537 1974 Germ.43.
553 1947 577 1974 7.
601 1934 705 1965 &Hist.
720 1942 743 1968 3.
756 1941 781 1969 7.
794 1941 819 1959 2.
845 1938 905 1965 quae
925 1924 1044 1954 formula
1055 1932 1091 1952 ex
1111 1923 1150 1951 Re
1169 1919 1290 1958 Equestri
1301 1918 1389 1956 petita

270 1981 446 2011 existimatur.
469 1976 499 2004 V.
520 1975 599 2012 supra
616 1975 794 2002 Annic'ra.
825 1967 896 1996 adde
912 1963 1010 2004 Auson.
1027 1961 1182 1991 Gratiarum
1201 1960 1252 1987 361.
1270 1967 1298 1995 p.
1321 1958 1385 1993 726.

272 2020 338 2049 edit.
373 2015 476 2050 Tollii3
507 2013 598 2042 Nemo
615 2010 762 2039 adduCiius
776 2005 866 2043 jacula
878 2004 1017 2032 cuntorht.
1150 2036 1155 2041 ¹

232 2058 281 2088 An
289 2068 308 2087 D
318 2067 337 2086 u
345 2066 362 2084 c
371 2064 414 2083 To
424 2064 441 2081 a
451 2075 459 2087 ,
481 2052 543 2081 oris.
567 2060 603 2079 m.
628 2049 710 2077 Vetus
720 2047 809 2084 Epigr.
824 2044 930 2072 l’etron.
947 2039 1037 2068 Afran.
1049 2037 1084 2067 ad
1094 2035 1214 2071 Deliam,

344 2091 469 2123 Graecule
492 2088 622 2118 consueta
643 2085 756 2116 leuandi
777 2081 894 2112 callidus
909 2084 966 2107 arte

383 2128 494 2166 Coepisti
517 2127 651 2155 adductor
672 2122 798 2159 conjugis
817 2119 870 2149 eise
885 2125 946 2146 tuae.

234 2173 395 2203 Annuus,
418 2176 468 2205 pro
480 2164 632 2194 Addideris.
654 2162 754 2191 festus.
781 2157 901 2187 Verbum
915 2153 1080 2194 obsoletum.

233 2208 469 2241 Annuprfeo,
492 2204 505 2238 [
527 2200 683 2234 ἐπιδὶπλόω]
704 2203 757 2228 are.
780 2197 860 2226 Idem
873 2192 948 2231 quod
969 2189 1099 2228 Dupheo.
1120 2186 1207 2216 Plaut.
1227 2184 1306 2215 Poen.
1320 2193 1344 2218 3.
1364 2193 1388 2212 1.

270 2251 316 2277 61.
328 2241 526 2282 Adduplicabit
534 2249 617 2269 omne
624 2238 738 2272 furtum,
749 2236 813 2264 leno
825 2233 970 2262 addicetur
982 2229 1039 2258 tibi.
1062 2227 1134 2257 Edit.
1140 2226 1224 2255 Gron.
1238 2224 1268 2251 [αι’
1283 2222 1374 2258 duplic.

679 2288 707 2322 A
799 2286 830 2319 D
926 2282 954 2317 E

234 2359 376 2392 Animo,
397 2355 462 2385 ades
471 2351 636 2387 liveadEdis,
645 2348 746 2383 adedi,
766 2345 896 2380 adesum,
918 2333 1061 2379 [κντέὲὶα]
1078 2337 1177 2380 adesse⁸
1191 2334 1235 2365 vel
1257 2335 1388 2365 adedere.

273 2397 352 2427 idem
373 2394 449 2432 quod
465 2391 580 2429 simplex
601 2390 679 2423 Edo,
706 2386 750 2415 vel
767 2385 878 2417 Exedo,
901 2382 953 2411 sive
967 2377 1116 2409 Consuino.
1149 2376 1218 2411 Virg.
1233 2385 1267 2416 ¹4.
1290 2375 1390 2410 Georg,

274 2444 337 2469 242.
494 2447 523 2450 -
546 2438 611 2457 nam
629 2427 699 2464 saepe
719 2426 795 2454 favos
813 2423 923 2459 ignotus
942 2418 1036 2447 adedit
1162 2411 1267 2442 Stellio.

237 2474 388 2505 Anasus,
410 2479 434 2504 a,
455 2478 511 2497 um.
533 2461 777 2503 [merebWasmcef]
809 2460 904 2490 Par-tic.
929 2457 962 2485 ab
982 2454 1106 2484 Adedor:
1129 2451 1160 2480 ld
1180 2450 1235 2485 611,
1262 2449 1395 2478 Consum-

274 2517 364 2549 ptum,
380 2508 417 2536 ait
426 2506 543 2535 Nonius.
567 2503 623 2533 Liv.
639 2514 659 2531 1.
673 2511 697 2538 7.
720 2500 799 2530 Forte
810 2496 967 2527 itaevenit,
993 2500 1022 2522 ut
1042 2490 1138 2531 Potitii
1150 2489 1183 2517 ad
1206 2495 1315 2525 tempus
1327 2496 1395 2525 prae-

275 2549 315 2578 sto
325 2546 420 2579 essent,
438 2545 525 2581 iisque
536 2548 599 2572 exta
617 2543 823 2579 apponerentur
833 2559 841 2572 ,
874 2533 973 2564 Pinarii
987 2531 1057 2561 extis
1070 2530 1155 2558 adehs
1167 2526 1201 2555 ad
1214 2533 1342 2555 caeteram
1351 2534 1397 2554 ve-

276 2587 369 2615 nirent
387 2584 496 2620 dapem.

274 2624 352 2654 Bona
371 2621 458 2650 adesa.

293 2660 444 2690 alebantur.

274 2699 403 2729 Portunae
414 2705 512 2725 omnes
525 2691 620 2722 adesse.
641 2690 732 2720 Tacit.
748 2698 788 2723 13.
812 2688 881 2716 Ann.
904 2695 948 2714 21.

274 2737 475 2768 Frumentum,
496 2731 706 2766 Consumptum.
755 2726 867 2757 Sisenna
882 2723 948 2753 Hist.
972 2721 1020 2750 lib.
1035 2729 1058 2757 3.
1101 2715 1203 2747 lisdem
1223 2713 1396 2752 temporibus

295 2770 547 2808 AEserniniduplici
567 2768 632 2797 fona
642 2766 770 2802 valloque
791 2761 962 2795 circundari,
985 2759 1124 2788 frumento
1139 2754 1238 2789 adeso,
1266 2752 1343 2790 quod
1362 2761 1397 2781 ex

295 2813 364 2842 areis
377 2812 407 2839 in
426 2808 562 2847 oppidum
576 2810 715 2843 portamm
738 2803 783 2832 est.
816 2800 935 2830 Nonius.

256 2852 263 2855 “
277 2850 367 2887 jecur.
391 2848 447 2877 Cic.
472 2857 497 2876 2.
519 2845 601 2874 Tusc.
612 2853 655 2877 24.
679 2842 749 2870 Cum
762 2849 826 2869 vero
845 2837 966 2870 adesum,
980 2833 1076 2863 inflatu
1090 2837 1253 2860 renovatum
1263 2828 1396 2864 estjecur.

253 2909 255 2912 -
276 2888 395 2926 Lapides
405 2884 517 2914 adesos,
539 2882 625 2916 idest,
643 2880 676 2909 Vi
685 2887 815 2916 aquarum
824 2874 954 2905 corrosos.
977 2873 1044 2902 Hor.
1056 2881 1079 2905 3.
1102 2870 1246 2902 Carm.29.
1261 2870 1308 2909 36.-

277 2925 397 2957 Pecunia
409 2947 416 2959 ,
438 2932 488 2962 pro
503 2921 669 2957 Absumpta,
689 2915 888 2953 metaphorice.
929 2912 986 2940 Cic.
999 2920 1049 2947 pro
1066 2909 1163 2944 Quint.
1176 2916 1219 2941 40.
1252 2905 1323 2941 Qnis
1340 2909 1397 2945 tarn

317 2964 421 2992 erditus
433 2971 464 2990 36
476 2958 600 2998 profusus
613 2965 700 2993 nepos
711 2977 718 2989 ,
741 2963 798 2983 non
808 2951 886 2981 adesa
903 2951 955 2985 jam
965 2971 973 2984 ,
999 2948 1045 2977 sed
1067 2944 1219 2975 abundanti
1231 2942 1398 2981 pecuniane

299 3000 443 3031 dissolutus
457 2997 556 3032 fuiffet,
579 3002 610 3024 ut
623 2995 675 3024 tuit
685 2994 749 3023 Sex.
771 2989 904 3020 Naevius?
1255 3005 1265 3016 ,
1278 2986 1281 2987 ’

245 3041 292 3072 A»
302 3050 317 3068 a
325 3050 341 3067 L
352 3049 365 3067 P
373 3049 392 3067 H
406 3049 413 3066 i
428 3060 435 3072 ,
455 3046 492 3066 m.
505 3035 544 3073 pl.
566 3032 689 3064 Terentii
701 3028 859 3066 Comoedia,
884 3037 898 3055 a
910 3025 990 3054 rebus
1000 3023 1118 3052 duorum
1129 3014 1242 3049 frati-un&
1252 3017 1398 3056 appellata.

243 3080 265 3109 A
274 3088 292 3107 1)
301 3087 315 3106 ε
325 3088 341 3104 L
351 3086 364 3104 Ρ
373 3086 392 3104 H
406 3087 414 3104 1
424 3086 443 3104 U
454 3085 466 3104 3
474 3097 481 3108 ,
502 3074 614 3103 Nomen
623 3071 671 3100 viri
682 3067 837 3108 proprium.
876 3064 929 3093 Hic
941 3063 991 3091 suit
1002 3060 1120 3090 Antonio
1132 3056 1399 3092 liunstfflrisxjusque

280 3115 311 3152 in
324 3113 435 3143 Parthos
446 3111 655 3149 expeditionem
664 3104 824 3142 conscripsit
834 3125 842 3138 ,
864 3103 893 3131 in
903 3111 955 3138 qua
965 3099 1019 3137 ipse
1029 3100 1054 3128 &
1066 3097 1154 3126 adsuit
1165 3097 1190 3125 ἃ
1209 3095 1325 3132 praefuit.
1347 3094 1400 3122 Au-

272 3153 345 3187 {thor
359 3150 455 3180 Strabo
473 3149 520 3178 lib.
549 3158 588 3177 ii.

245 3189 292 3222 Ain
302 3200 339 3220 122
347 3199 360 3217 P
369 3199 389 3217 1-i
399 3190 411 3217 ῖ
421 3199 437 3216 D
448 3198 460 3216 a
471 3197 497 3221 s,
519 3180 675 3222 [ἀοῖλφίὲεσ
688 3182 703 3218 ]
723 3179 822 3210 Palmae
835 3177 939 3214 species
949 3175 987 3204 611
997 3197 1004 3209 ,
1025 3172 1121 3210 sapore
1134 3169 1354 3237 quamgroxime
1365 3168 1401 3197 ad

266 3231 268 3234 ’
283 3232 405 3265 caryotas
422 3226 556 3254 accedens
571 3245 578 3259 ,
607 3221 683 3251 unde
699 3216 906 3255 &Adelphides
926 3214 1006 3242 dietae
1017 3211 1096 3246 sunt,
1127 3209 1199 3246 quali
1236 3205 1400 3245 'aryotarum

244 3296 248 3301 ,
276 3267 395 3300 Tutores.
419 3263 485 3292 Plin.
509 3262 554 3291 lib.
582 3269 621 3297 13.
641 3268 701 3296 cap.
722 3268 748 3293 4.
1255 3260 1265 3274 1

249 3307 297 3335 110
309 3310 465 3334 11111110,
488 3301 635 3328 AuaMPT
648 3307 695 3325 us.
725 3295 757 3324 V.
779 3294 912 3322 Aninio.

250 3341 351 3372 Anasi
362 3348 413 3443 ξὲ,
435 3340 451 3373 s
462 3335 565 3372 adem]
585 3336 618 3365 In
633 3335 659 3364 se
669 3331 826 3363 convolutae
836 3329 925 3359 carnis
938 3325 1052 3356 durities
1064 3346 1072 3358 ,
1093 3322 1145 3351 {ive
1158 3320 1316 3350 Clandulae:
1340 3330 1400 3356 quae

512 2617 601 2648 Tacit.
626 2625 649 2644 1.
672 2614 739 2644 Hist.
759 2624 784 2649 4.
843 2612 895 2640 Aut
922 2609 969 2646 qui
990 2605 1075 2637 adesis
1097 2603 1178 2633 bonis
1197 2611 1247 2640 per
1272 2601 1395 2631 dedecus

288 3387 343 3416 quu
361 3413 379 3443 Γ
424 3375 591 3408 duruerunt,
613 3372 763 3401 Choerades
775 3391 782 3405 ,
804 3369 832 3397 id
842 3367 897 3401 611,
919 3362 1079 3401 Scrophulae
1094 3366 1236 3392 vocantur,
1253 3358 1318 3386 teste
1327 3357 1403 3394 fligi-

258 3437 267 3443 ‹
287 3422 352 3445 neta
372 3424 380 3443 1
403 3436 409 3442 .
428 3422 451 3448 3.

287 3453 343 3488 las,
364 3452 393 3481 in
401 3450 448 3480 sue
458 3459 521 3479 vero
534 3448 674 3486 glandulas
689 3447 745 3476 dici
757 3468 764 3481 ,
835 3444 884 3473 hor
903 3443 939 3470 611
950 3440 1017 3469 Ρ1111.
1044 3437 1090 3466 lib.
1111 3446 1151 3464 11.
1167 3444 1225 3476 cap.
1243 3442 1285 3470 37.

251 3492 364 3524 Anao,
387 3486 521 3525 [aeswig
548 3484 634 3520 ἔπιε]
656 3485 720 3513 Adv.
743 3493 796 3520 qua
839 3481 911 3515 tatis,
931 3477 975 3508 vel
994 3476 1087 3514 potius
1104 3472 1277 3502 intendendi.
1299 3470 1401 3504 Festus,

286 3528 364 3559 Adeo
375 3535 459 3564 quum
470 3523 591 3553 secunda
603 3528 681 3552 acuta
695 3521 814 3555 affertur,
836 3520 909 3548 idem
919 3517 955 3546 est
967 3514 1042 3553 quod
1058 3513 1149 3548 Usque
1159 3520 1202 3544 60,
1221 3519 1276 3537 non
1289 3508 1402 3544 quidem

286 3566 439 3595 secundum
450 3563 601 3592 rationem:
623 3561 687 3597 quia
698 3559 752 3593 (ad
764 3560 774 3590 )
793 3556 948 3595 praepositio
957 3550 1116 3583 accusativis
1128 3546 1338 3577 accommodata
1347 3545 1399 3574 est:

285 3603 333 3632 sed
351 3602 453 3632 vetusta
463 3599 580 3637 quadam
600 3596 731 3634 loquendi
752 3594 962 3637 consuetudine.
1281 3620 1288 3627 .

286 3642 363 3670 Adeo
381 3646 411 3668 ut
425 3661 433 3672 ,
451 3637 594 3675 separatim
608 3636 635 3664 in
655 3634 764 3662 duobus
779 3633 917 3661 membris.
940 3629 1004 3659 Ter.
1024 3625 1093 3656 And.
1110 3634 1132 3652 1.
1148 3632 1170 3652 1.
1182 3632 1227 3658 93.
1268 3621 1303 3650 Et
1311 3619 1402 3654 vultu,

305 3678 388 3711 Solia,
403 3677 472 3705 adeo
481 3674 614 3707 modesto,
632 3672 703 3700 adeo
717 3671 830 3699 venusto
842 3692 849 3705 ,
870 3676 899 3698 ut
911 3667 981 3697 nihil
993 3666 1080 3702 supra.
1115 3661 1147 3691 Id
1157 3660 1213 3695 est,
1239 3658 1318 3688 Tam.
1342 3658 1400 3685 Cic.

304 3725 355 3754 pro
376 3714 463 3744 Flacc.
482 3722 525 3749 37.
566 3710 714 3740 Neminem
733 3708 846 3745 quidem
859 3707 929 3736 adeo
947 3704 1080 3734 infatuare
1097 3699 1207 3738 potuit,
1228 3704 1260 3726 ut
1280 3697 1305 3725 ei
1323 3704 1404 3723 num-

305 3761 392 3782 mum’
406 3751 494 3780 ullum
514 3749 647 3778 crederet.

283 3791 379 3824 Adeo,
421 3798 450 3816 ro
462 3788 499 3817 Eo
511 3786 650 3816 adverbio.
689 3783 752 3812 Ter.
766 3782 865 3811 Heaut.
880 3791 902 3810 i.
926 3789 949 3809 1.
972 3782 1016 3808 61.
1054 3776 1193 3807 Postremo
1212 3773 1283 3802 adeo
1300 3780 1343 3800 res
1363 3779 1404 3799 re-

304 3829 364 3858 diit.
419 3826 436 3854 d
459 3826 514 3858 611,
540 3824 579 3852 Eo
595 3832 636 3852 res
655 3821 744 3850 rediit.

283 3867 360 3898 Adeo
371 3887 378 3900 ,
395 3863 469 3902 apud
485 3868 580 3899 poetas
589 3883 597 3896 ,
618 3858 766 3897 praesertim
778 3856 900 3885 comicos
910 3876 918 3890 ,
932 3854 1001 3891 ssepe
1015 3853 1053 3882 est
1066 3849 1201 3880 Particula
1212 3848 1344 3881 ormiti.a,
1356 3846 1402 3874 seu

299 3903 386 3933 mavis
400 3900 547 3938 expletiva.
596 3897 659 3926 Ter.
673 3897 742 3925 And.
755 3906 781 3929 4.
802 3904 823 3929 5.
842 3898 882 3926 18.
935 3891 1052 3928 Propera
1070 3889 1140 3918 adeo
1166 3896 1283 3925 puerum
1304 3884 1401 3912 tollere

298 3940 407 3972 hincab
417 3939 506 3974 janua.
532 3936 603 3971 Virg.
627 3945 650 3963 2.
673 3933 734 3963 AEn.
751 3935 812 3967 567.

357 3978 473 4013 Jamque
488 3975 558 4003 adeo
571 3973 650 4010 super
667 3980 739 4000 unus
749 3978 830 3998 eram.
946 3965 978 3994 In
989 3965 1031 3993 his
1041 3986 1049 3998 ,
1075 3965 1100 3992 81
1121 3961 1252 3991 similibus
1274 3959 1401 3990 Donatus

492 3412 562 3441 Sunt
574 3409 730 3440 tumoresin
743 3413 852 3445 gutture
863 3403 1004 3441 glandium
1018 3400 1106 3429 instar.
1146 3397 1299 3426 1011001106
1310 3395 1403 3424 tonlil-

1868 50 1894 85 A
1987 49 2020 83 D
2112 48 2141 83 F.

1487 137 1514 165 Gt
1528 133 1637 176 Servius
1647 133 1738 172 dicere
1746 132 1844 167 solent,
1854 132 1977 161 abundat
1986 131 2062 161 Adeo
2071 135 2210 159 autvacat.
2240 127 2272 157 In
2282 126 2360 165 prosa
2369 136 2479 164 quoque
2489 129 2586 158 oratio.

1486 182 1523 215 ne
1538 174 1572 200 116
1582 170 1739 213 legitur,sed
1751 171 1845 213 rarius.
1867 170 1973 203 Liv.24.
1989 179 2030 205 32.
2055 169 2108 198 Sed
2123 168 2207 197 surdae
2220 166 2289 194 adeo
2300 166 2425 194 omnium
2436 175 2513 194 aures
2525 176 2588 195 600-

1489 216 1578 275 61ἷ3116
1590 207 1777 237 multitudinis
1788 214 1866 236 erant
1877 229 1885 243 ,
1904 208 1980 244 quod
1994 217 2052 236 non
2069 207 2176 235 minore
2186 205 2260 236 intus
2270 204 2305 239 vi,
2315 213 2398 240 quam
2408 203 2482 238 foris,
2503 210 2587 241 portae

1490 252 1514 276 61
1530 253 1709 282 fingerentur.

1470 285 1504 315 Id
1518 285 1606 327 adeo,
1624 293 1674 326 pro
1686 282 1716 325 ld
1727 292 1792 311 vero
1803 304 1810 316 ,
1830 281 1874 311 vel
1886 282 2020 318 Agedum.
2052 281 2110 310 Cic.
2124 284 2149 309 6.
2166 279 2240 308 Verr.
2256 289 2316 314 141.
2336 277 2368 307 Id
2378 277 2458 310 adeo,
2469 277 2588 314 Judices,

1492 329 1523 351 ut
1537 322 1603 364 011111
1613 323 1647 349 ab
1663 320 1717 349 illis
1729 320 1945 349 demonstratum
1957 322 2004 353 est,
2026 319 2061 347 sic
2078 328 2125 347 vos
2135 328 2169 347 ex
2185 327 2229 346 106
2239 316 2406 353 cognoscite.
2448 315 2525 344 ldem
2540 325 2587 352 pro

1494 361 1596 426 gisem.
1609 364 1660 423 87.s
1675 396 1679 400 .
1693 358 1725 387 ld
1740 359 1809 387 adeo
1823 357 1840 386 11
1859 357 1951 395 placet
1968 357 2146 386 considerate.
2184 355 2276 393 Etpro
2287 354 2397 383 Cluent.
2413 358 2457 386 80.
2479 352 2512 382 Id
2523 355 2590 386 adeo

1506 407 1529 426 ic
1553 406 1642 433 cogno
1657 402 1718 424 cite.

1474 436 1570 475 Adeo,
1590 433 1716 477 pro-Non
1728 433 1815 462 solum
1824 432 1868 461 vel
1876 431 1996 461 Nedum.
2017 431 2106 461 Tacit.
2119 441 2144 465 4.
2158 430 2226 459 Hist.
2242 429 2344 458 Favore
2355 427 2475 457 militum
2485 428 2580 460 anxius

1493 483 1524 502 ac
1546 471 1670 509 luperbia
1679 472 1745 514 viri,
1766 470 1937 508 superiorum
1951 479 2062 506 quoque
2076 469 2146 497 adeo
2158 466 2304 505 aequalitim
2322 466 2501 505 impatientis.
2582 453 2591 466 ’

1474 511 1568 543 Adeo,
1589 519 1638 551 pro
1655 509 1761 550 Etiam,
1786 510 1853 537 citra
1864 507 1982 537 auxesin.
2025 507 2089 535 Ter.
2112 506 2181 534 And.
2203 509 2262 540 5.6.
2288 514 2328 540 13.
2371 504 2518 533 Facturum
2535 514 2594 542 quae.

1494 548 1580 581 voles,
1591 549 1646 575 1610
1657 547 1711 575 6116
1718 547 1820 576 omnia.
1842 556 1866 575 P.
1882 545 2015 580 memini,
2037 550 2120 580 atque
2129 543 2199 572 adeo
2217 542 2333 579 longum
2342 542 2390 577 est,
2401 551 2451 570 nos
2463 541 2544 571 illum
2550 552 2595 572 ex-

1496 587 1613 623 pectare.

1478 624 1564 657 Adeo,
1575 632 1625 659 pro
1637 621 1733 664 Valde,
1750 620 1803 649 sive
1813 620 1944 654 Multum,
1960 619 2054 649 Servio
2066 619 2232 655 interprete:
2254 617 2330 655 quod
2339 617 2465 647 Donatus
2474 617 2534 647 satis
2546 619 2595 648 du-

1496 670 1544 695 re,
1570 670 1617 697 per
1639 659 1729 702 Nimis
1748 658 1885 701 declarare
1906 657 1982 686 solet.
2020 657 2084 686 Ter.
2104 656 2173 686 Eun.
2199 667 2222 685 1.
2247 666 2270 685 2.
2293 665 2353 689 124.
2387 656 2596 687 Adolescentem

1498 699 1569 727 adeo
1589 697 1721 725 nobilem.
1746 696 1818 733 Virg.
1832 708 1858 732 4.
1880 696 1941 726 AEn.
1959 698 2003 731 96.
2090 694 2151 723 Nec
2169 703 2214 722 me
2231 694 2302 722 adeo
2323 693 2402 722 fallit.

1480 737 1556 766 Adeo
1568 735 1677 764 videtur
1691 734 1832 763 interdum
1844 744 1894 771 pro
1913 733 1994 762 Certe
2008 732 2107 769 accipi.
2143 731 2228 760 Plaut.
2248 731 2328 768 Epid.
2354 741 2378 760 2.
2396 741 2418 760 1.
2433 736 2459 765 8.
2499 731 2598 768 Neque
2640 737 2646 742 '

1499 774 1569 803 adeo
1580 773 1687 808 injuria.
1718 771 1776 801 Cic.
1789 781 1813 815 ²:
1834 773 1869 801 de
1888 771 1965 800 Orat.
1979 782 2020 804 1<-
2053 770 2144 806 Magis
2155 770 2225 798 adeo
2237 770 2266 798 id
2283 769 2414 799 facilitate
2425 792 2433 805 ,
2454 778 2535 805 quam
2547 769 2598 799 alia

1500 812 1556 855 ulla
1571 810 1654 848 culpa
1667 819 1727 838 mea
1738 811 1863 847 contigit.
1888 809 1973 838 Caesar
1989 809 2133 842 Ciceroni,
2151 818 2176 842 9.
2199 808 2252 836 Att.
2268 810 2309 836 16.
2330 807 2478 836 Dolabella
2495 813 2545 835 tuo
2558 808 2599 836 ni-

1500 849 1540 878 hil
1553 848 1620 878 scito
1632 848 1699 876 mihi
1710 847 1939 883 effejucundius:
1962 847 2034 875 hanc
2046 846 2115 875 adeo
2136 845 2227 874 habeo
2245 845 2358 882 gratiam
2374 845 2424 875 illi.

1480 888 1557 918 Adeo
1573 896 1623 925 pro
1636 886 1742 919 Etiam,
1772 895 1858 922 quum
1872 885 2006 922 praecedit
2019 884 2106 921 Atque
2119 906 2127 919 ,
2146 884 2203 912 fere
2225 883 2376 920 accipitur:
2398 883 2483 919 idque
2500 882 2597 920 saepius
2646 881 2651 885 ’
2666 891 2667 894 ’

1500 935 1565 954 cum
1581 926 1680 953 auxeh.
1707 923 1764 966 Cic.
1782 934 1803 952 1.
1816 924 1845 952 in
1856 922 1936 952 Catil.
1952 934 1975 957 5·
2014 922 2117 951 Eorum
2130 928 2224 951 autem
2233 921 2381 950 castrorum
2393 921 2599 958 imperatorem,

1500 963 1657 1005 ducemque
1672 961 1790 990 1101110111
1804 982 1812 995 ,
1834 961 1905 989 intra
1916 961 2020 989 'moenia
2031 982 2039 995 ,
2060 966 2142 997 atque
2153 960 2223 988 adeo
2237 959 2265 987 in
2276 958 2371 987 senatu
2383 959 2492 988 videtis.
2537 959 2599 989 Hoc

1497 1000 1635 1043 loquendi
1647 1008 1733 1037 genus
1743 1008 1870 1035 magnam
1881 998 1991 1027 auxesin
2003 997 2086 1026 habet
2096 1019 2104 1032 ,
2125 997 2197 1034 quasi
2211 1005 2240 1026 tu
2251 997 2346 1032 (11633,
2372 996 2439 1025 Non
2455 995 2545 1026 solum
2559 997 2599 1026 in-

1498 1046 1540 1068 tra
1549 1047 1672 1081 moenia,
1700 1036 1747 1080 sed
1763 1038 1846 1066 etiam
1861 1036 1958 1074 (quod
1974 1036 2062 1071 majus
2083 1035 2142 1068 est)
2159 1036 2189 1064 in
2203 1035 2307 1064 senatu.

1480 1077 1557 1107 Adeo
1570 1078 1597 1105 11.
1620 1075 1688 1104 Plin.
1701 1074 1748 1103 lib.
1763 1079 1807 1104 26.
1824 1084 1884 1112 cap.
1907 1085 1948 1103 10.
1975 1084 2024 1111 pro
2035 1073 2158 1102 Tantum
2173 1073 2190 1101 si
2204 1096 2212 1108 ,
2230 1072 2273 1102 vel
2285 1072 2378 1102 Multo
2397 1072 2484 1109 magis
2495 1071 2522 1100 si.

1481 1115 1557 1145 Adeo
1569 1123 1635 1147 non,
1656 1114 1708 1143 &c.
1724 1119 1756 1142 ut
1768 1135 1776 1147 ,
1801 1122 1852 1150 pro
1864 1112 1986 1142 Tantum
2002 1111 2075 1140 abest
2093 1118 2123 1140 ut
2136 1110 2273 1140 Columel.
2287 1110 2335 1139 lib.
2347 1120 2373 1140 2.
2426 1110 2523 1145 Quum
2544 1107 2598 1140 sola

1500 1153 1559 1182 haec
1569 1161 1611 1181 res
1623 1151 1693 1180 adeo
1702 1161 1762 1179 non
1772 1151 1914 1179 infestetur
1924 1149 2016 1178 herbis
2026 1171 2034 1184 ,
2057 1156 2087 1178 ut
2097 1149 2152 1187 ipsa
2163 1148 2260 1178 herbas
2273 1149 2399 1186 perimat.
2421 1148 2489 1177 Plin.
2504 1146 2568 1176 lib.1
2576 1158 2598 1178 1.

1500 1200 1560 1228 cap.
1578 1195 1603 1218 6.
1638 1188 1805 1218 Conduntur
1819 1198 1834 1217 a
1853 1188 2031 1225 Vergiliarum
2045 1187 2162 1223 occasu,
2182 1187 2228 1216 sed
2248 1186 2336 1216 latent
2361 1186 2434 1216 ultra
2453 1192 2598 1216 exortum:
2627 1210 2633 1218 .

1499 1230 1570 1258 adeo
1583 1237 1640 1256 non
1661 1227 1696 1255 ad
1711 1227 1781 1255 veris
1796 1226 1907 1263 initium
1919 1247 1926 1260 ,
1948 1232 1979 1254 ut
1989 1226 2092 1254 dixere.

1481 1267 1557 1296 Ader.
1571 1288 1579 1302 ,
1601 1275 1649 1303 per
1660 1264 1686 1294 se
1699 1264 1819 1302 'positum
1835 1265 1863 1293 in
1883 1263 2017 1293 sententia
2032 1262 2164 1292 absoluta.
2205 1260 2278 1299 Virg.
2294 1271 2320 1291 2.
2342 1261 2441 1298 Georg.
2455 1270 2518 1298 272.

1535 1343 1540 1347 .
1611 1320 1655 1346 —3
1667 1303 1738 1331 adeo
1749 1313 1764 1332 a
1776 1302 1878 1331 teneris
1896 1300 2074 1331 consuescere
2090 1300 2213 1329 multum
2223 1299 2269 1328 est.
2389 1298 2447 1328 Cic.
2462 1309 2484 1328 1.
2503 1297 2560 1328 Off.
2573 1299 2598 1328 6.

1499 1342 1591 1372 Priore
1602 1340 1706 1384 armffo·
1718 1341 1791 1376 jure,
1811 1346 1876 1369 ‘euin
1895 1339 2017 1368 hostibus
2032 1348 2155 1377 pugnare
2172 1347 2230 1367 non
2248 1342 2374 1376 poterat:
2408 1337 2479 1366 adeo
2498 1336 2602 1366 summa

1500 1387 1557 1410 erat
1574 1379 1726 1407 observatio
1745 1379 1773 1407 in
1787 1377 1859 1407 bello
1873 1377 2022 1406 movendo.

1481 1419 1619 1460 Adeone..
1633 1417 1690 1460 Cic.
1702 1426 1752 1454 pro
1767 1415 1858 1446 Rabir.
1872 1421 1916 1449 28.
1939 1415 2052 1444 Adeone
2063 1413 2160 1451 hospes
2169 1412 2283 1448 huiusce
2292 1411 2367 1441 urbis
2378 1434 2386 1448 ,
2406 1412 2515 1442 adeone
2531 1412 2605 1449 igna-

1499 1466 1544 1486 rus
1555 1465 1583 1484 es
1593 1454 1744 1492 diseiplinae
1753 1453 2016 1490 consuetudinisque
2030 1453 2126 1481 nostrae
2137 1473 2145 1487 ‚
2167 1457 2197 1480 ut
2207 1451 2265 1480 haec
2280 1450 2382 1479 nescias
2394 1451 2408 1479 ⁶?
2606 1460 2607 1463 ¹

1480 1495 1556 1524 Adeo
1566 1499 1606 1527 ut,
1617 1493 1791 1527 'coniunctim
1804 1492 1832 1520 in
1842 1492 1942 1520 eodem
1953 1491 2087 1519 membro.
2121 1490 2179 1518 Cic.
2203 1500 2224 1518 1.

1500 1532 1601 1561 blicam
1609 1531 1735 1574 funditus
1745 1530 1883 1559 amifinius
1896 1539 1902 1558 :
1925 1529 1995 1557 adeo
2006 1535 2036 1557 ut
2047 1528 2115 1557 Cato
2128 1526 2288 1556 adolescens
2298 1526 2402 1555 nullius
2411 1524 2519 1555 consilii
2531 1547 2539 1561 ,
2555 1525 2602 1556 sed

1499 1578 1592 1599 tamen
1602 1578 1668 1598 ciVis
1678 1568 1820 1597 Romanus
1830 1570 1855 1597 Sc
1869 1567 1936 1596 Cato
1948 1588 1955 1601 ,
1976 1567 2023 1595 vix
2042 1567 2119 1595 vivus
2133 1565 2276 1602 effugeret.

1480 1609 1574 1642 Adeo,
1597 1617 1656 1636 non
1670 1606 1800 1643 sequente
1812 1605 1848 1634 Ut
1864 1627 1871 1640 ,
1892 1604 1938 1633 sed
1952 1604 2107 1633 subaudito.
2143 1603 2213 1640 virg.
2230 1613 2252 1631 1.
2268 1601 2330 1631 AEn.
2347 1604 2409 1639 567.

1562 1645 1628 1674 Non
1647 1643 1820 1674 obtusaadeo
1832 1643 1967 1681 gestamus
1983 1643 2096 1679 pectora
2107 1641 2194 1671 Poeni.
2258 1639 2393 1676 subaudi,
2416 1638 2454 1669 Ut
2462 1638 2605 1676 haecigno-

1499 1692 1607 1713 remus:
2164 1708 2165 1711 ,

1479 1723 1664 1763 Adeousque,
1684 1720 1737 1750 sive
1746 1729 1802 1749 una
1811 1718 1849 1748 est
1869 1718 1972 1752 (116110,
1992 1717 2045 1746 sive
2062 1717 2123 1745 duae
2135 1738 2143 1751 ,
2162 1716 2239 1745 idem
2263 1715 2301 1745 est
2318 1715 2394 1753 quod
2412 1714 2505 1752 Usque
2524 1714 2604 1745 adeo.

1500 1759 1665 1826 glauciihn.
1683 1768 1708 1787 2.
1725 1768 1750 1787 2.
1776 1762 1820 1787 61.
1857 1758 1912 1794 Age
1932 1765 1980 1792 age
1999 1754 2124 1784 mansero
2144 1761 2193 1783 tuo
2213 1753 2364 1789 arbitratu,
2384 1753 2429 1783 vel
2447 1753 2607 1790 adeousque

1520 1807 1567 1826 um
1617 1806 1677 1825 eris.

1443 1839 1491 1868 Ar>
1502 1845 1555 1869 EO,
1579 1807 1709 1877 agivihvel
1727 1832 1792 1868 adii,
1811 1832 1918 1862 aditum
1929 1853 1936 1866 ,
1959 1826 2144 1867 [σιτοσέεχοᾼωιι
2158 1851 2167 1865 ,
2188 1829 2326 1864 ‘ardre-tw]
2345 1829 2430 1858 adire.
2452 1839 2488 1859 ex
2503 1828 2563 1864 Ad,
2580 1829 2607 1858 &

1481 1874 1565 1917 yerbo
1574 1873 1631 1915 l'jsso,
1652 1882 1690 1906 is,
1713 1871 1906 1909 compolitum.
1928 1869 2036 1903 Festus,
2061 1868 2136 1897 Adeo
2147 1890 2154 1903 ,
2172 1877 2259 1905 quum
2270 1867 2359 1904 prima
2378 1872 2459 1896 acuta
2473 1866 2602 1901 effertur,

1482 1912 1557 1956 idem
1574 1910 1706 1948 lignificat
1724 1910 1800 1946 quod
1819 1908 1948 1938 Accedo:
1969 1916 2001 1936 ut
2009 1916 2073 1935 cuin
2092 1906 2211 1935 dicimus
2223 1927 2231 1940 ,
2252 1905 2329 1934 Adeo
2345 1911 2501 1943 praetorem.
2540 1904 2607 1934 Haec

1482 1949 1582 1992 161103.
1605 1950 1663 1977 Cic.
1679 1960 1705 1983 4.
1728 1947 1810 1976 Acad.
1833 1956 1877 1984 97.
1926 1945 2085 1975 Tribunum
2095 1943 2215 1980 aliquem
2230 1942 2328 1972 censeo
2350 1943 2460 1972 adeant.
2482 1964 2484 1968 ,

1483 1988 1563 2017 Adire
1575 2010 1583 2021 ,
1607 1985 1864 2015 videturinterdum
1880 1983 1942 2022 plus
1959 1982 2065 2019 aliquid
2078 1982 2242 2019 significare,
2268 1991 2351 2018 quam
2369 1980 2517 2010 Accedere.
2540 1980 2604 2010 Ter.

1490 2025 1571 2060 And.
1585 2034 1607 2061 3.
1622 2034 1644 2060 3.
1660 2034 1684 2053 2.
1706 2023 1795 2060 Aliqui
1813 2033 1857 2051 me
1870 2022 1962 2051 adiere
1974 2043 1982 2055 ,
1998 2030 2032 2049 ex
2040 2027 2067 2049 te
2078 2021 2205 2049 auditum
2217 2019 2264 2055 qui
2283 2019 2402 2048 aiebant.

1483 2064 1571 2129 Adit-{²i
1585 2062 1704 2129 aliquem
1719 2083 1727 2096 ,
1749 2061 1838 2098 liquid
1850 2060 1924 2090 velit.
1953 2059 2010 2088 Cic.
2031 2068 2055 2095 3.
2074 2057 2149 2087 fam.
2162 2068 2187 2094 9.
2221 2057 2263 2086 Te
2273 2057 2442 2086 adeuntfere
2453 2052 2609 2092 0111063,ίί-

1504 2111 1549 2138 qni
1588 2111 1619 2129 ve
1633 2110 1663 2129 is.

1483 2140 1565 2169 Adire
1576 2138 1681 2175 aliquos
1692 2147 1756 2166 cum
1766 2146 1839 2165 cura.
1878 2135 1968 2165 Tacit.
1986 2146 2013 2170 4.
2031 2133 2098 2164 Hist.
2120 2143 2161 2162 12.
2182 2131 2310 2162 Vitellius
2326 2132 2486 2161 inferiorem
2496 2131 2608 2161 Germa-
2648 2151 2653 2166 ,1

1502 2178 1577 2206 niani
1599 2175 1728 2214 ingress'us
1741 2197 1748 2209 ,
1766 2174 1888 2212 hyberna
1912 2173 2056 2210 legionum
2074 2182 2138 2201 cum
2155 2181 2220 2200 cura
2231 2171 2344 2200 adierat.
2376 2167 2440 2200 Hoc
2455 2169 2513 2205 est,
2539 2168 2610 2200 Dili.

1495 2222 1617 2252 genter,
1639 2224 1696 2242 non
1710 2212 1826 2250 segniter
1837 2234 1845 2246 ,
1866 2217 1913 2240 aut
1928 2209 2073 2239 incuriose.

1486 2253 1614 2296 Aliquem
1630 2251 1776 2289 legatione.
1816 2249 1905 2280 Tacit.
1922 2259 1943 2278 1.
1966 2248 2034 2277 Hist.
2051 2259 2076 2284 9.
2108 2247 2196 2284 Quies
2207 2245 2370 2284 &Illyrico:
2394 2253 2551 2283 quanquam
2564 2253 2610 2274 ex-

1504 2298 1565 2357 citbae
1580 2300 1595 2319 a
1607 2290 1719 2356 lgesqnone
1729 2289 1852 2326 legiones
1867 2310 1875 2323 ,
1898 2286 1967 2316 dum
1980 2286 2010 2314 in
2021 2285 2099 2315 ltalia
2113 2286 2297 2327 6006130101,
2317 2284 2478 2321 Verginium
2496 2283 2611 2320 legatio-

1505 2339 1532 2358 ni
1557 2338 1586 2357 us
1598 2338 1641 2357 311
1666 2333 1722 2356 ent.

1486 2367 1612 2409 Aliquem
1622 2363 1830 2406 perepii‘tolam.
1886 2362 1973 2392 Plaut.
1988 2361 2073 2391 Milit.
2096 2372 2122 2396 4.
2147 2363 2172 2390 6.
2198 2371 2239 2390 10.
2263 2359 2312 2389 Per
2323 2358 2485 2397 epistolam,
2503 2364 2551 2388 aut
2560 2367 2610 2397 per

1505 2412 1651 2438 nuntium,
1673 2404 1747 2440 quali
1757 2411 1866 2439 regem,
1888 2410 1953 2430 eum
1971 2399 2040 2428 adiri
2058 2400 2144 2428 aiunt.

1489 2443 1615 2479 Aliquem
1629 2441 1738 2478 scripto.
1767 2440 1858 2470 Tacit.
1874 2451 1900 2475 4.
1911 2439 1981 2467 Ann.
1997 2447 2040 2473 39.

1506 2480 1634 2524 muliebri
1644 2480 1754 2517 insuper
1762 2478 1894 2516 cupidine
1903 2475 2031 2505 incensus
2041 2497 2049 2509 ,
2071 2474 2233 2513 promill'um
2247 2474 2457 2502 matrimonium
2470 2472 2610 2509 flagitante

1505 2518 1596 2553 Livia,
1628 2516 1774 2555 componit
1794 2516 1829 2545 ad
1843 2514 1976 2544 Caesarem
1997 2513 2153 2542 codicillos.

1506 2565 1662 2593 quanquam
1678 2555 1856 2592 praesentem,
1875 2552 1975 2590 scripto
1995 2551 2078 2580 adire.

1487 2595 1568 2624 Adire
1582 2594 1741 2631 quempiam
1756 2593 1790 2621 de
1802 2602 1829 2620 re
1840 2590 1947 2627 aliqua,
1965 2589 1994 2618 id
2003 2590 2056 2625 611,
2077 2587 2123 2618 Ob
2141 2596 2221 2622 6310,
2246 2593 2360 2625 propter
2369 2596 2439 2616 eam.
2462 2585 2527 2615 Ter.
2540 2585 2608 2615 Hec.

1508 2642 1533 2662 2.
1547 2642 1572 2661 2.
1586 2643 1610 2667 9.
1633 2632 1694 2661 Adii
1705 2638 1732 2659 te
1744 2630 1802 2659 heri
1811 2630 1846 2658 de
1855 2628 1919 2657 filia.

1488 2670 1615 2713 Aliquem
1623 2667 1800 2708 postulatum.
1824 2666 1908 2696 Plaut.
1923 2664 2023 2695 Bacch.
2038 2673 2061 2700 3.
2078 2672 2101 2699 3.
2111 2669 2156 2698 48.

1489 2709 1541 2738 Adi
1558 2708 1622 2737 1106.
1645 2709 1731 2737 l'laut.
1753 2706 1837 2735 Tiuc.
1850 2714 1874 2733 2.
1889 2713 1913 2741 7.
1933 2707 1977 2732 60.
2013 2703 2064 2732 Adi
2075 2702 2131 2730 huc
2150 2700 2245 2730 inodo.
2285 2699 2416 2730 Usitatius
2431 2710 2464 2730 ac
2474 2698 2613 2730 venustius

1507 2746 1562 2781 611,
1582 2745 1690 2775 Accede
1705 2745 1769 2774 huc.

1488 2784 1570 2814 Adire
1580 2791 1693 2818 contra,
1714 2792 1764 2821 pro
1780 2781 1898 2811 Obviam
1914 2778 1962 2809 ire.
1984 2777 2070 2808 Plaut.
2082 2777 2155 2807 Rud.
2171 2787 2193 2806 1.
2206 2788 2232 2812 4.
2257 2785 2302 2806 22.

1489 2822 1570 2851 Adire
1595 2822 1630 2850 ad
1651 2821 1788 2859 aliquem,
1815 2829 1865 2857 pro
1892 2818 1948 2852 116,
1977 2810 2024 2846 afit
2036 2816 2119 2844 etiam
2139 2814 2248 2843 Venire.
2289 2813 2353 2843 Ter.
2376 2812 2446 2843 And.
2474 2823 2500 2842 2.
2524 2823 2547 2842 1.
2569 2821 2611 2851 17.

1509 2860 1586 2896 Quid
1596 2860 1647 2889 tibi
1667 2859 1795 2890 videtur?
1819 2856 1917 2886 adeon’
1940 2855 1974 2885 ad
1986 2855 2073 2884 eum'?
2094 2853 2161 2882 Haec
2175 2852 2375 2890 przepofidonis
2393 2852 2523 2889 repetitio
2536 2850 2615 2880 Cice-

1508 2899 1569 2927 roni
1579 2898 1719 2927 fantiliaris
1729 2897 1774 2926 est.
1797 2894 1853 2924 Cic.
1871 2899 1896 2923 6.
1910 2893 1982 2923 Verr.
1998 2903 2008 2920 1
2017 2901 2058 2928 13.
2080 2890 2142 2920 Sese
2155 2890 2230 2920 asuis
2240 2890 2346 2919 civibus
2357 2890 2416 2919 haec
2426 2890 2527 2919 habere
2535 2899 2616 2919 man-

1509 2937 1581 2970 data,
1601 2943 1631 2965 ut
1643 2936 1677 2965 ad
1690 2935 1801 2964 Verrem
1819 2932 1934 2962 adirent.

1489 2974 1530 3004 Ad
1541 2975 1611 3003 sores
1623 2997 1630 3009 ,
1652 2974 1742 3007 aedes,
1761 2972 1838 3006 loca,
1860 2973 1911 3000 &c
1948 2967 2034 2998 Plaut.
2057 2966 2155 2996 Bacch.
2166 2977 2192 3001 4.
2208 2975 2230 2994 1.
2248 2968 2273 2994 6.
2315 2964 2393 2995 Idem
2412 2963 2472 2994 Aul.
2492 2975 2515 2994 1.
2529 2974 2554 2994 2.
2567 2974 2612 3000 24.

1510 3013 1566 3041 Cic.
1593 3013 1621 3041 in
1633 3012 1706 3040 Verr.
1726 3010 1861 3041 Homines
1878 3015 1975 3037 tenues
1986 3029 1993 3042 ,
2017 3005 2132 3035 obscuro
2145 3003 2208 3032 loco
2219 3004 2296 3039 nati,
2328 3004 2434 3033 adeunt
2449 3002 2485 3032 ad
2494 3012 2526 3032 ea
2534 3002 2614 3038 loca,

1510 3060 1570 3088 qua:
1582 3059 1724 3087 nunquam
1741 3055 1821 3078 antea
1837 3047 1974 3075 viderunt.

1491 3088 1532 3117 Ad
1547 3088 1679 3117 arbitrum
1687 3088 1721 3115 de
1731 3086 1823 3122 aliquo
1834 3084 1956 3125 nomine.
1980 3118 1983 3122 ¹
1997 3082 2117 3121 &apro
2126 3079 2206 3109 Rose.
2219 3079 2298 3108 Com.
2332 3078 2375 3108 De
2386 3088 2441 3116 quo
2452 3078 2568 3107 nomine
2581 3077 2617 3106 ad

1511 3127 1644 3155 arbitrum
1654 3125 1742 3154 adiisti
1754 3146 1761 3158 ,
1781 3124 1815 3151 de
1830 3132 1864 3151 eo
1875 3120 2044 3155 adjuffieem
2061 3118 2165 3147 venisti.
2205 3118 2266 3152 sic,
2286 3116 2368 3145 Adire
2384 3117 2413 3145 in
2429 3117 2473 3152 jus
2481 3116 2516 3145 de
2527 3125 2556 3145 re
2569 3115 2618 3145 ali-

1511 3174 1573 3200 qua.
1596 3165 1641 3193 Sic
1656 3163 1729 3192 Verr.
1745 3167 1769 3190 6.
1791 3169 1849 3196 147.
1872 3175 1882 3189 1
1932 3156 1989 3194 ἷςς.
2013 3156 2120 3186 &infra
2138 3155 2201 3184 loco
2220 3154 2278 3185 suo.

1493 3201 1533 3232 Ad
1549 3201 1648 3231 causas.
1671 3200 1728 3229 Cic.
1745 3200 1773 3228 in
1790 3198 1860 3227 Brut„
1894 3169 1932 3225 εἴ
1971 3195 2045 3224 Τ11111
2057 3195 2178 3232 primum
2189 3203 2240 3222 nos
2256 3191 2291 3221 ad
2304 3192 2396 3222 causas
2412 3193 2439 3222 Sc
2455 3192 2573 3230 privatas
2589 3191 2617 3221 «Sc

1513 3240 1637 3277 publicas
1665 3239 1740 3267 adire
1761 3207 1907 3274 coepiiffi‘iis,
2393 3245 2396 3249 .

1491 3277 1597 3315 Lingua
1611 3278 1645 3306 ad
1664 3275 1776 3313 aliquid.
1814 3273 1862 3302 Sil.
1876 3271 1932 3302 ltal.
1944 3271 1993 3300 lib.
2006 3277 2031 3304 8.
2046 3273 2110 3307 263.

1492 3317 1534 3346 Ad
1546 3316 1713 3353 pactionem.
1744 3312 1830 3341 Plaut.
1848 3310 1909 3340 Aul.
1921 3319 1946 3338 2.
1965 3319 1989 3338 2.
2003 3319 2047 3343 25.
2097 3308 2180 3337 Nunc
2190 3307 2235 3336 hic
2248 3315 2310 3335 eam
2323 3314 2381 3334 rem
2391 3303 2459 3339 volt,
2478 3303 2544 3341 scio,
2559 3314 2617 3334 me-

1511 3364 1577 3382 61110
1591 3353 1665 3381 adire
1680 3352 1715 3381 ad
1733 3350 1899 3388 pactionem.
1941 3347 2019 3376 ldem
2041 3346 2117 3383 quod
2138 3345 2278 3374 Accedere
2292 3343 2327 3372 ad
2347 3344 2515 3380 pactionem.
2554 3342 2617 3372 Hoc

1511 3392 1567 3425 611,
1586 3391 1615 3420 ln
1627 3390 1786 3428 pactionem
1800 3385 1962 3416 consentire.

1449 3444 1453 3449 -
1491 3424 1801 3466 Ad‚l<eiiipiih..»··ldeni
1823 3424 1898 3461 quod
1922 3423 2001 3460 supra
2014 3422 2120 3450 dictum
2130 3421 2185 3456 est,
2215 3420 2257 3449 Ad
2276 3419 2376 3455 Remp.
2390 3418 2531 3447 accedere.
2554 3417 2613 3446 Cic.

1512 3461 1649 3504 proTr-ge
1668 3464 1765 3494 Manil.
1806 3462 1863 3499 Qui
1877 3461 2003 3490 omnium
2011 3466 2118 3489 mentes
2133 3468 2230 3488 eorum
2249 3457 2295 3495 qui
2317 3456 2351 3485 ad
2367 3455 2465 3494 Remp.
2489 3456 2612 3491 adeunt,

1512 3505 1632 3533 maxime
1650 3502 1827 3543 perspiciupt.

1494 3542 1525 3572 In
1537 3543 1577 3575 ius
1588 3542 1622 3570 de
1632 3551 1660 3570 re
1670 3540 1780 3577 aliqua„
1791 3539 1858 3567 ‘Cic
1879 3546 1919 3564 ii.
1934 3537 1987 3565 Att.
2005 3545 2050 3570 24.
2089 3533 2196 3571 Epheso
2208 3533 2253 3569 qui
2264 3532 2390 3564 veniunt.
2410 3531 2446 3559 ibi
2462 3530 2487 3559 se
2500 3540 2564 3559 eum
2581 3529 2616 3559 de

1512 3579 1565 3608 suis
1577 3578 1766 3608 controversiis
1780 3577 1808 3605 in
1820 3577 1860 3610 ius
1877 3574 2028 3603 adeuntem
2038 3595 2046 3607 ,
2063 3571 2160 3601 vidisse
2171 3571 2309 3600 nuntiant.
2342 3568 2421 3598 idest
2432 3591 2439 3604 ,
2455 3568 2576 3598 Euntem
2586 3568 2616 3596 in

1515 3618 1649 3649 iudiciuin
1663 3616 1700 3645 ob
1721 3615 1780 3644 suas
1798 3612 2003 3643 controversias.
2350 3636 2355 3641 ¹

1495 3656 1577 3684 Adire
1589 3654 1722 3690 aliquem,
1744 3662 1794 3691 pro
1807 3649 1932 3687 Aggredi.
1972 3649 2036 3678 Ter.
2053 3647 2162 3676 Phorm.
2179 3656 2202 3675 i.
2216 3656 2242 3682 4.
2255 3655 2300 3680 25.
2340 3644 2425 3675 Nunc
2449 3644 2523 3680 prior
2541 3642 2616 3672 adito

1514 3699 1553 3722 tu.
1595 3692 1648 3721 Ubi
1667 3692 1791 3721 Donatus
1803 3712 1810 3724 ,
1834 3688 1934 3721 Adire,
1956 3685 2027 3723 quasi
2043 3685 2077 3714 ad
2091 3683 2235 3722 praelium:
2261 3689 2292 3713 ut
2310 3676 2383 3720 Virg.
2399 3693 2422 3717 ς.
2441 3681 2504 3711 AEn.
2517 3686 2580 3717 378.

1691 3748 1723 3753 ---
1742 3738 1794 3757 nec
1819 3726 1963 3763 quisquam
1982 3733 2017 3757 ex
2042 3723 2152 3760 agmine
2177 3720 2256 3751 tan'to

1576 3767 1666 3797 Audet
1682 3767 1757 3795 adire
1780 3766 1877 3794 virum.

1495 3804 1606 3836 Blandis
1624 3804 1713 3833 verbis
1730 3804 1866 3840 aliquem,
1885 3809 1935 3838 pro
1945 3797 2109 3827 Convenire.
2130 3797 2216 3826 Plaut.
2233 3794 2327 3825 Pseud.
2345 3805 2367 3824 1.
2385 3806 2408 3831 5.
2420 3803 2463 3831 35.
2503 3792 2616 3829 Quanto

1514 3843 1594 3871 latins
1615 3842 1653 3871 est
1671 3842 1746 3870 adire
1766 3839 1873 3869 blandis
1889 3837 2003 3866 verbis?
2027 3835 2140 3864 subaud.
2166 3834 2256 3864 illum.

1495 3881 1570 3923 Adeo
1590 3887 1719 3918 praeterea
1734 3880 1806 3908 varie
1816 3876 1967 3912 accipitur,
1993 3883 2043 3911 pro
2061 3873 2174 3908 adjectis
2193 3870 2362 3901 nominibus.
2384 3875 2425 3906 ut,

1495 3919 1651 3949 Discrimen
1667 3917 1742 3946 adire
1757 3938 1765 3951 ,
1788 3924 1839 3953 pro
1863 3913 1969 3944 Subire.
2010 3911 2079 3940 Plin.
2104 3910 2188 3947 Epist.
2207 3919 2268 3945 199.
2457 3942 2479 3976 F

2481 3948 2615 3972 ortunam.

2259 1488 2294 1524 Q.
2315 1489 2375 1517 frat.
2396 1497 2421 1517 2.
2434 1498 2458 1522 5.
2480 1487 2602 1525 Rempu.
2630 1474 2632 1478 .

2083 2437 2114 2466 At
2123 2436 2238 2470 Seianus
2249 2435 2334 2464 nimia
2342 2435 2452 2464 fortuna
2462 2434 2562 2470 socors,
2584 2435 2610 2464 &
2638 2423 2641 2425 ⁵

2213 2511 2302 2541 Moris
2334 2511 2439 2549 quippe
2461 2518 2521 2539 tum
2539 2516 2607 2546 erat,
2641 2549 2644 2553 .

2653 127 2657 187 ί
