2641 4187
13 2378 26 2382 “
56 2367 358 2400 Anumtiimus,
379 2361 556 2401 [mallines]

25 1103 27 1106 .
78 1077 160 1114 siquis
170 1076 276 1114 legere,
300 1075 451 1110 utilleait‚
471 1083 487 1102 v

26 1229 49 1240 a.

454 162 483 198 A
577 162 611 196 D
705 161 737 196 U

66 246 202 279 Secretus.
241 246 378 282 Juven.6.
403 244 457 278 Sat.
478 247 542 280 236.

149 285 263 314 Abditus
278 284 382 312 interea
400 281 468 310 latet
481 304 489 315 ,
518 283 544 311 ἂι
561 279 679 309 secretus
699 279 817 309 adulter.

68 323 174 354 Sororis
189 321 296 351 adulter
322 319 446 348 clodius.
469 319 527 348 Cic.
547 328 598 356 pro
617 318 693 346 Sext.¹
711 327 753 354 39.

68 360 250 391 Temerarius.
282 357 366 387 Ovid.
385 367 410 385 2.
432 356 497 386 Fast.
519 365 580 392 335.

67 397 198 429 Adultera
215 396 340 430 alicujus.
371 394 454 424 Ovid.
482 404 522 423 ιο.
551 393 618 423 Met.
637 395 699 427 346.

92 453 94 455 >
149 435 231 464 Tunc
246 433 298 462 eris
318 434 343 462 Sc
365 432 458 461 matris
475 431 568 469 pellex
581 453 588 466 ‚
618 432 644 460 ἃ
658 428 782 459 adultera
803 430 906 466 patris?

70 473 160 504 Clavis
175 471 308 501 adultera.
331 470 415 499 Ovid.
429 479 452 505 3.
470 470 505 499 de
521 469 583 498 Arte
597 469 655 498 Am.
665 471 710 504 46.
726 476 749 503 3.
789 467 819 496 V.
849 469 1028 497 Anuixrza
1039 475 1135 496 rrius.

71 511 189 544 Coniux.
213 508 297 538 Ovid.
323 517 346 544 3.
365 509 457 536 Amor.
478 519 504 542 4.
526 516 569 544 37.

70 549 162 580 Mens.
198 547 281 576 Ovid.
300 555 323 581 3.
343 546 436 575 Amor.
457 557 482 580 4.
499 555 521 580 5.

69 586 181 623 Turpis.
202 584 342 619 Ovid.i3.
367 583 385 612 E
409 583 447 612 ist.
471 591 531 619 133.

71 623 162 661 virgo.
186 622 269 651 Ovid.
284 624 308 650 6.
331 621 413 659 Epii.
439 630 498 656 ¹33·

152 660 284 696 Turpiter
295 658 342 688 illa
359 659 448 688 virum
466 657 599 696 cognovit
618 655 743 685 adultera
766 654 851 691 virgo.

91 704 148 729 tem
167 698 289 727 refertur.

41 736 203 771 '.Adulter,
227 745 277 773 per
295 733 492 772 synecdochen
515 732 617 771 speciei
635 740 686 769 pro
701 739 821 768 genere,
844 740 894 768 pro
915 730 1050 760 Amatore.
1090 730 1158 760 Hor.
1176 738 1199 758 1.

93 774 329 848 Od'Qdag‘iturpi
340 809 445 839 Pholoe
458 814 559 847 peccet
568 806 704 837 adultero.
1075 805 1158 835 Ovid.
1173 813 1200 833 2.

948 655 1031 692 Virgo
1048 677 1057 691 ‚
1078 654 1113 684 ad
1127 654 1201 685 AEta-

820 805 865 835 ste
877 805 942 835 aiibi
953 806 1031 844 saepe.

28 865 29 868 ¹
78 850 130 881 .de
150 850 212 879 Arte
230 849 289 878 Am.
313 853 374 884 637.

189 903 227 907 —
246 895 311 915 cum
327 886 449 915 nominis
471 888 547 914 extat
565 882 673 912 adulter
684 903 693 917 ,

788 881 807 910 i.
829 890 853 910 e.
878 881 934 918 Qui
953 892 1002 919 per
1023 880 1202 911 mendacium

95 925 227 964 gloriatur
247 924 284 953 de
298 924 438 953 amoribus
451 922 582 952 foeminae.

32 987 33 994 i
77 963 227 998 Adultera,
253 962 361 992 dictum
373 962 408 992 de
420 960 514 990 brutis.
550 957 619 987 Plin.
639 956 686 991 lib.
700 961 725 991 8.
737 966 797 994 cap.
814 960 855 985 16.
886 956 982 986 Odore
999 957 1077 995 pardi
1097 956 1203 986 coitum

97 1001 181 1031 sentit
189 1001 219 1029 in
230 1000 354 1030 adultera
364 999 417 1033 leo,
431 1005 544 1034 totaque
554 995 579 1025 vi
590 994 731 1032 consurgit
742 995 771 1022 in
786 1004 908 1032 poenam.

41 1040 118 1072 Anu
128 1048 173 1068 L’r
183 1048 221 1067 ita
232 1049 240 1066 i
251 1048 284 1073 o,
307 1038 377 1067 onis.
411 1036 488 1066 Idem
500 1034 574 1101 quod
587 1033 708 1063 Adulter.
739 1031 812 1062 Citat
820 1032 965 1062 Laberium
984 1032 1104 1066 Nonius.
1118 1039 1202 1068 quem

490 1083 506 1102 o
521 1072 607 1105 uerit.
627 1071 667 1100 ibi
677 1071 819 1105 inveniet,
842 1070 960 1100 &tidem
971 1071 1090 1099 nostram
1111 1068 1156 1098 sua
1166 1069 1207 1097 di-

80 1115 195 1153 ligentia
214 1113 364 1151 adjuvabit.
406 1112 435 1141 V.
457 1112 484 1141 St
503 1110 572 1140 Gell.
593 1109 641 1138 lib.
664 1112 706 1138 16.
729 1117 790 1146 cap.
810 1116 835 1144 7.

43 1154 90 1186 An
101 1163 118 1182 υ
131 1153 200 1181 tri}
210 1162 224 1180 a
235 1162 252 1181 o
265 1173 272 1187 ‚
306 1149 457 1187 [μοιχεύω]
487 1158 541 1178 are.
580 1147 702 1176 Verbum
718 1156 734 1176 a
749 1147 864 1175 nomine
887 1145 1002 1175 Adulter
1032 1145 1204 1174 derivatum:

80 1190 225 1221 Adulterio
242 1189 369 1226 stuprare.
391 1188 467 1217 Suet.
480 1187 584 1223 inAug.
602 1189 716 1223 cap.67.
755 1183 916 1213 Adulterare
936 1192 1083 1212 matronas.
1126 1181 1208 1211 Abso-

82 1229 141 1258 lute
152 1229 209 1258 Cic.
225 1237 248 1256 r.
267 1227 302 1255 de
316 1225 464 1263 Legib.43.
489 1223 668 1257 Latrocinari,
684 1220 848 1256 adulterare,
868 1221 1030 1250 testamenta
1042 1220 1207 1264 supponere.

80 1266 157 1297 Hinc
175 1274 225 1303 per
243 1263 434 1306 metaphoram
455 1272 505 1300 pro
527 1264 589 1291 Arte
607 1261 699 1298 aliqua
712 1260 856 1298 quidpiam
878 1269 928 1297 pro
945 1269 1010 1288 vero
1037 1257 1209 1292 allimulare‚

100 1310 182 1341 atque
196 1303 234 1331 ita
246 1311 303 1331 rem
314 1304 446 1331 lmeeram
459 1308 645 1337 corrumpere.
666 1298 734 1328 Plin.
751 1297 798 1327 lib.
819 1307 858 1326 12.
876 1307 936 1334 cap.
949 1306 973 1333 7.
999 1297 1077 1335 Piper
1094 1296 1212 1332 longum

100 1339 417 1407 facillimebaqulteratur
429 1338 616 1369 Alexandrino
634 1336 728 1374 sinapi.
744 1336 802 1366 Cic.
815 1345 866 1374 pro
878 1335 957 1364 Rosc.
977 1336 1105 1371 Com.17.
1127 1332 1213 1363 Adul-

104 1385 192 1409 terare
206 1384 234 1407 ta
255 1388 272 1407 u
286 1388 322 1407 as.

35 1449 38 1451 Α
82 1417 242 1449 Adulterare
256 1415 337 1445 rebus
351 1414 461 1444 exteris.
483 1413 568 1443 Plaut.
580 1412 709 1442 Bacchid.
725 1421 750 1441 2.
765 1419 788 1447 3.
800 1420 845 1447 34.
885 1410 939 1440 Ubi
951 1410 1085 1449 interpres
1100 1432 1108 1446 ,
1130 1407 1212 1439 Adul-

102 1462 190 1486 terare
200 1455 282 1483 rebus
292 1453 403 1483 exteris.
428 1453 445 1482 i.
468 1462 491 1481 e.
516 1451 652 1481 Fraudem
667 1450 781 1486 injicere
797 1449 878 1478 rebus
890 1449 995 1478 alienis.

82 1493 242 1524 Adulterare
255 1514 263 1527 ‚
285 1501 336 1530 per
354 1490 565 1520 translationem
577 1489 698 1518 dictum:
733 1494 781 1522 ut.
802 1487 962 1516 Adulterare
978 1485 1113 1520 iudicium
1126 1506 1134 1519 ,
1161 1492 1212 1522 pro

102 1530 296 1568 Corrumpere.
324 1529 382 1559 Cic.
394 1529 429 1558 de
440 1528 549 1558 Amicit.
561 1538 607 1563 94.
654 1527 749 1563 Quum
762 1532 855 1554 autem
870 1525 997 1553 omnium
1007 1533 1097 1553 reruni
1107 1522 1215 1551 {imula-

101 1570 142 1599 tio
154 1568 191 1598 est
199 1567 401 1602 vitiosattollit
409 1567 485 1596 enim
496 1566 634 1602 judicium
647 1565 719 1598 veri,
740 1563 825 1600 idque
837 1563 974 1592 adulterat
986 1564 997 1598 )
1011 1571 1072 1591 tum
1085 1560 1214 1591 amicitiae

104 1611 241 1644 repugnat
252 1606 380 1635 maxime.

84 1645 133 1682 Jus
147 1643 300 1673 adulterare
315 1643 443 1681 pecunia.
478 1641 536 1671 Cic.
555 1651 606 1679 pro
626 1639 729 1670 Caecin.
745 1647 789 1676 73.
833 1638 920 1675 Quod
931 1638 1005 1667 enim
1016 1638 1054 1667 est
1071 1637 1110 1672 ius
1121 1634 1213 1670 civile,

104 1683 180 1721 quod
196 1692 286 1719 neque
297 1681 402 1711 inflecti
419 1681 519 1718 gratia,
541 1689 632 1716 neque
649 1677 782 1717 perfringi
792 1677 938 1714 potentia⁷
958 1686 1048 1713 neque
1068 1673 1216 1705 adulterari

105 1720 227 1759 pecunia
245 1719 348 1758 possit?

86 1759 228 1791 Naturam.

107 1796 250 1827 adulterat.
364 1818 369 1822 .

86 1835 219 1866 Rationes
234 1831 512 1863 dominiadulterare.
533 1830 597 1869 Uip.
613 1830 630 1859 l.
647 1839 670 1858 1.
684 1828 713 1857 in
724 1827 770 1857 fin.
781 1827 810 1857 ff.
846 1826 887 1857 De
896 1827 970 1856 servo
981 1837 1049 1856 corr.
1073 1824 1122 1854 Vel
1132 1824 1219 1854 attori

106 1873 202 1908 suasit,
224 1872 276 1901 sive
285 1871 375 1901 verbis
387 1893 394 1904 .
417 1870 469 1899 live
480 1869 585 1908 pretio,
607 1876 639 1897 ut
647 1867 766 1896 rationes
783 1866 938 1895 dominicis
957 1864 1137 1894 intercideret
1150 1886 1159 1900 ,
1173 1862 1219 1893 vel

107 1910 275 1941 adulteraret
285 1932 293 1946 ,
314 1908 359 1938 vel
369 1909 452 1938 etiam
466 1915 498 1937 ut
511 1907 647 1936 rationem
663 1905 711 1934 sibi
724 1903 895 1933 cominill'am
909 1904 1040 1933 turbaret.

52 1950 208 1982 ADuL'ri‘z
220 1958 305 1983 Ros,
329 1946 394 1985 pass.
416 1947 463 1975 ari.
486 1946 554 1975 Hor.
578 1944 666 1982 Epod.
685 1945 725 1972 16.
739 1951 782 1979 31.

162 1986 253 2017 Mirus
273 1995 350 2015 amor
361 2007 368 2021 ‚
392 1985 468 2021 iuvet
484 1990 514 2014 ut
531 1984 614 2020 tigres
632 1981 769 2011 subsidere
782 1979 869 2010 cervis
884 2001 891 2014 ,

106 2062 112 2069 ὗ
183 2062 187 2067 Ι
242 2023 420 2053 Adulteretur
439 2024 464 2053 Sc
479 2021 611 2052 columba
621 2019 726 2049 milvio.
840 2019 867 2048 h.
890 2027 913 2047 e.
935 2015 1032 2046 milvio
1046 2025 1096 2055 per
1113 2014 1222 2046 adulte-

91 2073 163 2093 rium
181 2068 297 2091 ineatur.

52 2101 304 2135 Acuta-Eitea,
328 2097 521 2135 [μοιχεύομσιι]
550 2096 596 2126 ari.
619 2095 654 2125 de
678 2119 683 2124 .
705 2092 880 2124 Adulterium
900 2092 1084 2123 committere.
1111 2092 1168 2122 Cic.
1196 2102 1218 2122 1.

92 2138 150 2170 Off.
169 2143 230 2172 128.
262 2136 442 2171 Latrocinari‚
452 2135 587 2171 fraudare,
601 2134 655 2164 adu
669 2133 759 2168 terari‚
775 2139 855 2171 turpe
867 2133 913 2167 est⁷
931 2132 978 2161 sed
986 2131 1088 2160 dicitur
1103 2141 1160 2159 non
1172 2130 1223 2160 ob-

92 2177 193 2207 scoene.
228 2174 268 2205 Al.
291 2174 460 2205 Adulterare.

54 2215 333 2248 ADULTERATA‚
354 2212 381 2242 h.
404 2221 428 2241 e.
448 2209 602 2240 ‘Adulterio
612 2209 740 2247 stuprata.
762 2208 838 2238 Suet.
860 2207 888 2236 in
908 2206 973 2237 Caes.
1002 2212 1047 2242 48.
1078 2204 1223 2236 Libertum

91 2252 271 2292 gratissimum
282 2273 290 2287 ‚
311 2250 348 2280 ob
359 2250 542 2280 adulteratam
565 2248 666 2286 equitis
681 2247 801 2277 Romani
811 2256 928 2275 uxorem
947 2248 959 2282 <
973 2255 1131 2283 quanquam
1143 2244 1222 2275 nullo

91 2291 246 2329 querente)
270 2288 383 2326 capitali
400 2297 485 2326 poena
504 2286 606 2316 affecit.

93 2329 258 2360 Adulteratae
270 2327 393 2365 reliquiae
405 2325 548 2356 Gallorum
559 2347 567 2361 ,
589 2324 606 2354 i.
627 2334 650 2353 e.
673 2323 770 2353 Aliena
778 2328 859 2359 gmte
874 2322 976 2351 mixtae.
1009 2320 1028 2351 F
1031 2319 1081 2350 lor.
1094 2328 1120 2350 2.
1140 2329 1150 2349 1
1161 2330 1182 2350 i.
1197 2329 1220 2357 3.

577 2362 672 2392 Partic.
706 2361 793 2398 Quod
812 2360 908 2389 alienae
929 2360 967 2388 rei
983 2358 1147 2388 admistione
1165 2368 1225 2388 cor-

92 2412 206 2444 ruptum
220 2404 266 2433 est.
307 2403 368 2433 Alio
380 2402 496 2431 nomine
508 2400 615 2431 Falsum
629 2401 713 2429 etiam
731 2410 746 2428 a
758 2399 845 2428 Plinio
858 2398 968 2427 dicitur.
1010 2397 1086 2427 Huic
1103 2397 1226 2435 opponi-

93 2449 138 2473 tur
147 2443 300 2473 Sincerum.
331 2440 512 2478 Laserpitium
521 2438 708 2479 adulteratum
721 2437 834 2475 gummi.
857 2436 926 2466 Plin.
942 2435 989 2465 lib.
1009 2446 1051 2472 19.
1062 2445 1123 2473 cap.
1141 2444 1166 2472 3.

93 2481 269 2512 Adulteratus
289 2479 381 2509 nidus.
416 2478 483 2508 Plin.
503 2477 550 2506 lib.
576 2487 616 2506 10.
638 2486 696 2513 cap.
711 2486 737 2511 9.

57 2518 106 2550 ΑΒ
116 2530 134 2549 u
143 2531 160 2548 L
169 2529 189 2548 T
198 2529 213 2548 ε
223 2529 239 2547 R
248 2529 268 2547 A
276 2528 295 2547 T
304 2527 321 2547 o
330 2527 347 2547 R
357 2539 366 2553 ,
387 2517 452 2546 oris.
493 2515 571 2546 [dem
586 2515 624 2544 est
637 2513 713 2552 quod
728 2513 881 2551 Corruptor
899 2513 925 2542 St
943 2511 1119 2549 'Depravator
1131 2521 1138 2542 :
1176 2516 1208 2541 ut
1218 2530 1227 2545 ,

82 2565 88 2570 “
97 2557 301 2588 Adulteratores
311 2562 431 2585 inonetae
440 2555 470 2583 in
480 2553 498 2584 l.
515 2561 562 2583 aut
572 2554 649 2582 facta.
672 2553 702 2581 in
713 2552 760 2581 fin.
783 2551 814 2580 D.
831 2551 866 2579 de
875 2550 974 2588 poenis.

58 2597 369 2627 ADULTERATiiix
380 2616 388 2629 ‚
410 2593 472 2622 icis.
493 2592 512 2621 s.
536 2590 676 2621 Adultera.
699 2588 782 2619 Gioff.
795 2589 853 2618 Vet.
873 2590 1006 2623 μιιχαλὶς,
1028 2584 1223 2616 Adulteratrix.

60 2635 111 2665 Ar>
121 2632 297 2663 U'LTERAT
307 2643 315 2660 1
326 2642 359 2667 o,
398 2631 468 2660 onis.
500 2630 519 2659 f.
543 2628 626 2660 Gloss.
656 2627 752 2666 Cyrilli
774 2649 781 2663 ,
818 2626 991 2656 Adulteratio
1020 2620 1222 2661 mguzdgasm:

98 2672 168 2702 sicut
176 2671 282 2702 ibidem
291 2669 465 2699 Adulterator
478 2667 670 2704 παρυχαςοέν-της
681 2666 831 2703 elt‚legitur
841 2665 923 2693 etiam
936 2663 1119 2693 inLemmatis
1130 2662 1230 2692 Plinia-

99 2709 143 2740 nis
153 2731 162 2746 ,
182 2718 243 2747 quae
254 2708 314 2747 post
326 2707 517 2747 praefationem
532 2705 596 2735 loco
607 2705 688 2744 primi
697 2703 890 2733 librivisuntur
902 2725 909 2737 ,
930 2701 1021 2731 adlib.
1034 2711 1077 2731 12.
1089 2711 1117 2730 n.
1130 2711 1175 2731 20.
1197 2701 1228 2730 in

85 2777 91 2789 s
100 2747 232 2777 odoribus
240 2753 288 2777 aut
298 2745 486 2775 condimentis
505 2744 636 2774 dicuntur
648 2742 880 2772 Adulterationes.

60 2787 112 2818 AD
123 2795 194 2815 σιτ
203 2795 217 2814 a
226 2795 243 2813 R
253 2795 262 2813 1
271 2794 291 2813 N
301 2794 321 2813 u
330 2794 342 2814 s
351 2806 360 2819 .,
390 2779 561 2820 [κίζῶπλῶυ]
582 2781 642 2817 Adj.
674 2780 761 2818 Quod
776 2789 827 2818 pro
838 2788 902 2808 vero
922 2774 1106 2808 assimulatum
1118 2776 1173 2806 est:
1196 2782 1228 2806 ut

100 2822 294 2854 Adulterinum
310 2821 434 2860 signum:
456 2821 474 2850 i.
496 2831 520 2850 e.
562 2819 660 2849 Alieno
672 2821 777 2848 annulo
787 2818 891 2847 sactum
904 2838 911 2850 ,
934 2815 1024 2851 inquit
1042 2814 1142 2844 Festus.
1166 2814 1225 2844 Cic.

99 2871 151 2901 pro
161 2860 271 2890 Cluent.
283 2870 329 2896 41.
361 2859 571 2890 Testamentum
580 2859 609 2887 in
623 2857 688 2887 alias
700 2855 807 2887 tabulas
820 2854 1015 2892 transcriptum
1024 2874 1032 2888 ,
1055 2852 1137 2891 signis
1149 2852 1227 2882 adul-

100 2899 198 2930 terinis
216 2898 376 2936 obsignavit.

100 2936 263 2968 Adulterina
279 2942 406 2971 moneta,
446 2933 478 2964 V.
500 2933 587 2964 MoN
597 2941 676 2962 ETA.

101 2974 297 3007 Adulterinum
313 2972 478 3011 symbolum.
501 2971 587 3001 Plaut.
603 2970 703 3001 Bacch.
718 2979 745 2999 2.
758 2978 781 3005 3.
796 2977 840 3006 31.

261 1757 319 1787 Cic.
333 1757 363 1786 in
378 1756 472 1786 Partit.
489 1765 534 1791 90.
565 1736 699 1792 Voluptas
716 1758 843 1783 naturam
852 1750 919 1781 boni
936 1750 1069 1781 fallaciter
1080 1748 1217 1780 imitando

933 2982 970 2988 ·-
990 2964 1052 2996 infit
1067 2964 1171 3001 dicere,

140 3012 334 3043 Adulterinum
347 3034 356 3047 ‚
376 3013 402 3041 Sc
423 3021 482 3040 nori
496 3020 562 3040 eum
572 3009 625 3039 effe
637 3007 804 3047 symbolum.
833 3008 851 3037 i.
872 3015 896 3035 e.
919 3005 1045 3042 Signum.
1066 3004 1168 3034 Festus.

102 3051 260 3082 Nummum
277 3049 481 3084 adulterinum,
504 3050 531 3078 δε
547 3047 662 3077 Clavem
676 3046 862 3076 adulterinam
873 3044 1006 3073 dicimus:
1045 3041 1143 3080 vulgus
1161 3040 1232 3070 dicit

121 3088 368 3124 Falffisnummus,
389 3087 465 3117 Falsa
474 3086 576 3121 clavis,
596 3087 648 3115 &cz
670 3085 729 3114 Cic.
749 3093 771 3120 3.
793 3083 850 3113 Off.
866 3092 910 3119 91.
936 3081 965 3111 Si
975 3080 1081 3119 sapiens
1101 3078 1232 3109 adulteri-

121 3137 174 3157 nos
183 3136 314 3156 nummos
333 3126 473 3164 acceperit
481 3122 644 3162 imprudens
652 3133 703 3161 pro
717 3122 807 3151 bonis.

104 3165 314 3200 Adulterinum‚
344 3163 487 3201 interdum
501 3161 603 3191 dicitur
621 3160 694 3198 quasi
715 3160 758 3190 Ex
783 3157 920 3189 adulterio
940 3162 1126 3196 procreatum.
1158 3153 1228 3184 Plin.

123 3201 172 3234 lib.
188 3214 229 3232 10.
242 3212 302 3240 cap.
316 3211 339 3239 3.
369 3201 403 3233 Et
414 3201 432 3230 li
445 3201 644 3230 conniventem
654 3199 919 3237 humeflantemque
931 3194 1142 3224 animadvertit:
1164 3203 1233 3230 prae-

123 3242 222 3280 cipitat
232 3251 247 3271 e
258 3238 416 3277 nido,velut
423 3238 611 3268 adulterinum
621 3238 647 3267 ἃ
657 3237 831 3273 degenerem.
844 3234 979 3271 Loquitur
989 3234 1024 3262 de
1033 3231 1130 3268 aquilae
1140 3230 1230 3269 pullo.

64 3279 130 3348 Ar}3
126 3289 145 3309 υ
150 3289 234 3347 ᾗτῖ]
233 3289 255 3346 ii.)
258 3289 268 3307 1
278 3288 365 3314 TAS,
385 3287 436 3316 pro
452 3275 596 3307 Adulterio
613 3275 751 3304 aLaberio
765 3274 849 3303 nimis
871 3272 988 3302 licenter
1009 3271 1133 3304 dictum,
1164 3269 1231 3298 teste

133 3318 198 3347 eio
228 3317 455 3347 ‘.16.ca..

69 3359 341 3390 Animantium,
370 3325 517 3390 [ειυῖχεὶοι]
541 3361 556 3380 a
570 3350 685 3381 nomine
696 3348 809 3379 Adulter
820 3371 827 3385 ,
850 3348 944 3378 Genus
955 3346 992 3376 est
1011 3344 1143 3375 criminis.
1185 3343 1234 3374 Pa-

106 3393 235 3432 pinianus
257 3393 287 3422 in
297 3393 314 3421 1.
329 3396 354 3422 6.
376 3393 397 3430 §.
414 3401 436 3421 1.
459 3390 494 3420 D.
518 3389 554 3419 ad
575 3389 628 3427 leg.
649 3388 750 3424 Juliam
762 3388 797 3417 de
811 3386 897 3416 adult.
911 3385 969 3415 Lex
984 3383 1058 3420 Julja
1068 3383 1191 3421 stuprum
1206 3383 1232 3412 δι

107 3430 273 3461 adulterium
283 3429 439 3468 promiscue
456 3430 499 3454 uoti
513 3426 748 3464 καττιχςνιςικὼπςυν
765 3424 905 3463 appellat:
927 3422 983 3452 Sed
993 3422 1104 3460 proprie
1122 3420 1235 3449 Adulte-

107 3469 180 3499 rium
189 3470 219 3498 in
230 3472 348 3507 nuptam
366 3467 570 3501 committitur,
589 3471 704 3503 propter
720 3472 831 3502 partum
849 3471 883 3492 ex
906 3459 1032 3490 adultero
1050 3465 1232 3497 conceptum,

108 3516 172 3537 com
181 3507 261 3536 iosito
285 3506 419 3535 nomine:
451 3505 583 3542 Stuprum
604 3503 709 3532 veroin
720 3501 855 3540 virginem
869 3500 1016 3529 vidnamve
1038 3496 1232 3526 conmittitur:

109 3554 164 3581 quo
196 3544 284 3574 Grteci
297 3545 392 3580 φθοξὰν
402 3543 455 3572 sive
466 3541 593 3576 ὢκφθοςάεν
603 3540 754 3578 appellant.
790 3539 868 3568 Hanc
886 3536 1026 3575 Papiniani
1038 3534 1233 3564 definitionem

109 3581 186 3612 Valla
199 3582 245 3612 lib.
256 3586 281 3612 6.
299 3592 358 3620 cap.
371 3591 416 3618 45.
438 3579 593 3618 approbat:
618 3578 689 3608 illud
705 3586 797 3606 tamen
808 3576 913 3605 addens
929 3597 937 3610 ,
959 3573 1061 3611 Legem
1075 3572 1177 3608 juliam
1193 3582 1235 3601 re-

110 3621 154 3650 ete
170 3621 230 3650 haec
240 3620 297 3649 duo
315 3619 471 3658 promiscue
489 3616 650 3655 appellasse:
681 3625 739 3645 non
754 3614 829 3652 quod
842 3622 926 3643 omne
939 3612 1064 3649 stuprum
1078 3610 1110 3640 sit
1126 3610 1236 3640 adulte-

110 3659 199 3688 rium:
221 3658 267 3687 sed
277 3658 447 3695 quodomne
456 3656 623 3685 adulterium
637 3655 667 3683 sit
683 3654 816 3691 stuprum.

110 3695 300 3732 Adulterium,
319 3705 368 3734 per
378 3703 451 3724 meta
474 3694 570 3722 boi-am
584 3693 691 3722 dictum
706 3714 714 3727 ‚
748 3690 814 3720 Plin.
829 3688 876 3718 lib.
891 3698 916 3724 9.
938 3696 998 3725 cap.
1013 3696 1059 3722 40.
1097 3685 1236 3724 Juvatque

130 3733 380 3772 ludereimpendio
391 3755 399 3768 ,
418 3734 445 3763 ἃ
467 3731 528 3761 usus
543 3730 682 3768 geminare
692 3728 834 3758 miscendo
843 3728 944 3756 iterum
955 3747 963 3761 ‚
985 3726 1011 3754 δι
1024 3723 1082 3763 ipsa
1098 3723 1236 3754 adultera-

102 3784 112 3801 t
130 3782 159 3801 re
175 3771 309 3801 adulteria
323 3766 455 3801 naturae?
476 3770 544 3799 sicut
561 3768 712 3798 testudines
728 3768 851 3805 tingere,
871 3769 1016 3801 argentum
1035 3771 1102 3792 auro
1117 3762 1236 3792 confun-

129 3810 196 3839 dere
206 3831 214 3844 .
235 3817 267 3838 ut
276 3808 377 3839 electra
390 3809 473 3838 fiant:
504 3807 606 3836 addere
624 3807 665 3835 his
675 3815 744 3838 aera.
777 3811 808 3833 ut
818 3802 970 3833 Corinthia.
1010 3799 1115 3830 Eadem
1126 3800 1234 3829 ratione

130 3848 261 3877 dicuntur
271 3847 399 3876 arborum
409 3845 564 3880 adulteria,
585 3844 612 3873 h.
634 3854 658 3873 e.
682 3843 833 3872 insitiones.
873 3840 953 3869 Idem
971 3837 1019 3868 lib.
1036 3847 1078 3874 17.
1089 3848 1150 3876 cap.
1166 3849 1188 3867 1.
1208 3843 1234 3871 8.

130 3885 177 3915 Ob
193 3885 249 3914 hoc
270 3885 347 3914 insita
364 3886 390 3915 &
407 3884 536 3913 arborum
557 3891 667 3919 quoque
689 3880 824 3912 adulteria
846 3877 1004 3915 excogitata
1024 3875 1107 3912 sunt,
1128 3883 1160 3905 ut
1183 3884 1238 3904 nec

130 3933 216 3961 poma
228 3922 396 3967 pauperibus
415 3921 599 3951 nascerentur.

115 3961 257 3991 Adulteria
280 3960 388 3990 mercis.
419 3959 487 3988 Plin.
508 3958 555 3987 lib.
579 3968 620 3992 ¹9·
642 3964 744 3994 cap.3.
786 3954 825 3984 Ad
845 3953 945 3983 mercis
965 3950 1100 3981 adulteria
1124 3950 1239 3980 succum

132 3998 239 4036 ipsum,
265 3998 296 4026 in
313 3998 374 4027 vasa
390 3998 550 4034 conjet‘tum
562 4017 571 4030 ,
589 3995 714 4024 admixto
734 3993 837 4022 furfure
848 4014 856 4026 ‚
894 3990 1012 4020 subinde
1029 3988 1237 4023 concutiendo,

133 4037 169 4066 ad
178 4036 363 4066 maturitatem
378 4034 579 4072 perducebant.
600 4031 673 4062 Alibi
690 4031 773 4061 Fraus
791 4030 825 4061 ab
845 4028 947 4060 eodem
964 4027 1073 4057 dicitur.

65 4101 68 4103 .
113 4072 203 4105 Labes
216 4073 352 4104 adulterii.
374 4071 457 4104 Ovid.
474 4081 497 4111 3.
521 4073 579 4101 Am.
595 4081 619 4107 5.
635 4081 680 4106 44.

1661 163 1689 198 A
1786 163 1818 196 D
1921 163 1950 198 U

1289 244 1406 273 Pindum
1431 245 1523 274 matris
1542 245 1717 274 adulterium.
1740 243 1859 277 Orias.
1885 243 1953 274 Met.
1971 248 2030 281 156.

1287 281 1429 323 Impurum
1445 282 1544 312 Catuli.
1567 283 1602 312 dc
1629 292 1709 312 conia
1730 280 1824 310 Bcren.
1850 287 1893 317 84.

1289 319 1467 349 Obiciisnuin.
1496 320 1578 349 Ovid.
1594 330 1618 349 2.
1640 319 1719 349 Trist.
1735 328 1797 348 212.

1289 356 1446 384 Sordidum.
1472 357 1525 386 liv,
1548 358 1595 387 lib.
1611 367 1632 386 1.

1291 392 1395 429 'surptn
1417 393 1540 427 ,lui-cml.
1557 405 1596 423 11.
1618 398 1671 424 Sat.
1688 404 1747 432 175.

1294 430 1399 466 Cogere
1414 431 1587 472 adulterium.
1611 433 1694 462 Ovid.
1708 443 1732 462 2.
1753 432 1787 461 de
1799 433 1859 461 Arte
1877 431 1933 460 Ani.
1951 435 2012 466 36⁷·

1372 468 1453 509 Cpgis
1464 469 1626 498 adulterium
1638 471 1730 499 dando
1747 478 1911 507 tempusque
1937 468 2093 506 locumque.

1293 503 1481 533 Coniniitterc.
1505 506 1622 541 Quintil.
1640 507 1686 536 lib.
1705 518 1729 544 7.
1749 519 1809 545 cup.
1822 521 1847 543 4.

1293 542 1474 583 Committerc
1486 543 1512 569 in
1529 542 1809 586 rili-quumjimnirmn.
1839 545 1948 582 Upim.
1963 545 1989 573 in
2001 543 2017 573 l.
2039 555 2060 573 i.
2079 545 2099 582 ξ.
2112 544 2207 582 siquis.
2231 545 2266 575 Ῐ).
2283 547 2318 576 tle
2336 547 2407 578 offic.

1312 581 1431 620 praeteri.
1455 579 1511 607 urb.
1542 583 1567 607 Si
1581 583 1751 622 qiiislerruin
1767 583 1842 611 suum
1862 583 2026 611 adulterium
2039 583 2200 612 coinuiiiill'e
2214 584 2287 613 dicat
2306 586 2412 615 inuxo.

1313 618 1453 644 reinliiaim
1468 639 1473 647 .
1495 617 1568 658 apud
1582 619 1738 654 pratlcctum
1755 621 1811 648 urbi
1830 622 1880 649 ciit
1900 620 2064 649 andiendus

1295 652 1395 695 facere
1410 653 1576 695 adulterium
1591 654 1692 684 malinii
1715 666 1777 685 cuni
1795 658 1895 693 aliquo.
1917 658 2005 687 Ciitul.
2022 658 2057 686 ad
2075 657 2190 691 ‚lanuini
2209 667 2251 694 37.

1294 690 1367 736 Inire
1379 690 1554 733 adulterium.
1580 691 1679 721 Patere.
1693 693 1776 735 lily-2.
1808 695 1831 723 P.
1855 696 1968 725 Clodius
1982 696 2090 724 insaniis
2104 697 2185 725 cmm
2200 696 2295 725 sororis
2310 697 2400 734 stupro

1316 728 1548 794 &acliifiilm’miili
1565 738 1643 763 reus,
1666 731 1701 758 ob
1716 739 1815 760 initum
1831 732 2102 770 interreligioi‘ill'iina
2121 734 2218 772 populi
2239 734 2356 764 Romani
2376 721 2413 765 sil

1349 777 1361 793 'il
1382 776 1387 793 i
1461 776 1518 794 Cl'lll
1552 788 1557 793 .

1300 803 1444 832 Adulterio
1467 803 1637 832 nobilitatus.
1676 802 1706 832 V.
1731 803 1899 835 Noiiiiiffi

1297 841 1445 907 Λάᾶιίἶῖτίῇε
1456 841 1550 870 caelata
1569 840 1636 869 vasa.
1659 840 1726 870 Plin.
1741 841 1787 870 lib.
1801 852 1841 878 14.
1864 853 1922 881 cup.
1937 853 1980 874 22.
2002 845 2018 873 i.
2038 856 2062 875 c.
2085 847 2113 876 in
2125 846 2223 884 quibus
2239 846 2333 877 caelata
2354 846 2415 877 sunt

1317 889 1332 907 a
1355 890 1371 908 u
1397 890 1461 908 cria.

1262 918 1459 951 Anmxrt’s,
1499 916 1530 946 V.
1555 917 1713 946 AnoiAEo.

1259 955 1282 986 A
1292 966 1310 983 r>
1320 964 1337 982 u
1348 964 1392 997 its
1404 965 1417 982 r.
1427 964 1444 983 o
1453 977 1460 989 ,
1483 956 1497 991 [
1510 954 1682 989 ἐπισκιάζειν]
1704 962 1757 983 arc.
1797 953 1928 983 Umbram
1941 955 2070 986 exhibere
2081 979 2087 991 ,
2110 959 2161 987 sive
2180 958 2309 989 Umbram
2321 969 2415 997 tegen-

1299 992 1337 1035 do
1357 994 1455 1021 iacere.
1478 991 1615 1022 Columel.
1628 991 1674 1020 lib.
1690 1002 1713 1027 5.
1736 1001 1796 1028 cup.
1813 1002 1835 1027 ς.
1858 991 1914 1021 Sub
1929 1001 1989 1022 ortu
2006 995 2136 1024 caniculae
2152 997 2264 1033 palmeis
2283 1006 2419 1035 tegetibus

1302 1039 1396 1059 vmeas
1412 1029 1600 1059 adumbrabat.

1300 1067 1470 1110 Adumbrare
1486 1068 1523 1097 est
1539 1068 1675 1097 Pictorum
1687 1066 1803 1096 verbum
1817 1089 1825 1101 ‚
1854 1068 1880 1096 Sc
1893 1066 2084 1103 quadantenus
2104 1068 2205 1106 aliquid
2221 1072 2374 1102 ilciiirinzire
2393 1077 2418 1103 δε

1320 1115 1477 1149 exprimere
1495 1105 1642 1142 significat:
1666 1115 1729 1146 non=
1742 1105 1837 1142 primis
1855 1111 1964 1133 tantum
1980 1104 2076 1139 linem,
2097 1107 2172 1135 velut
2190 1109 2271 1145 vulgo
2288 1111 2420 1148 interpre-

1320 1149 1432 1177 tantur.
1454 1143 1692 1173 crrcumscribere.
1715 1145 1766 1172 live
1788 1142 1936 1172 delineare.
1975 1142 2113 1172 Nimirum
2125 1145 2290 1176 [ldtlnibixirc
2306 1148 2405 1176 hminis

1321 1181 1398 1218 quod
1416 1181 1564 1217 -τκιοιΓςαφειν
1586 1181 1671 1209 Graeci
1692 1180 1807 1210 dicunt:
1837 1179 2018 1209 Adumbratio
2042 1180 2197 1215 maffia..
2408 1171 2416 1184 '

1323 1219 1436 1256 graphia
1453 1229 1509 1247 non
1530 1217 1707 1253 estlineatio,
1767 1229 1806 1247 lm:
1826 1218 1959 1255 lclinogra
1982 1218 2026 1246 hia
2040 1220 2066 1247 8<
2084 1219 2284 1257 ()rthugr;iphi.i
2310 1223 2423 1251 absolvi-

1323 1264 1389 1292 tur·‚
1410 1256 1518 1290 sedcst,
1542 1266 1602 1293 quie
1616 1257 1693 1285 addit
1711 1266 1757 1285 um
1780 1266 1820 1285 ras
1832 1278 1839 1291 ‚
1868 1227 1994 1286 &oculis
2009 1265 2065 1284 non
2086 1257 2170 1285 niodo
2187 1258 2270 1286 lineas
2288 1261 2398 1289 c·;1-.i=..i.

1324 1294 1371 1323 sed
1387 1293 1586 1338 'explicatiores
1599 1295 1683 1323 etiam
1695 1303 1783 1323 reruni
1797 1293 1900 1330 species
1915 1293 2041 1328 subiicit,
2064 1300 2094 1322 ut
2111 1294 2260 1324 Bernartius
2277 1298 2294 1325 li
2305 1302 2339 1326 ΛΑ
2386 1284 2423 1327 se'.

1325 1334 1370 1376 cle
1385 1340 1588 1370 interpretatur.
1627 1333 1736 1369 Nempe
1752 1331 1869 1361 Pictores
1884 1331 2006 1368 primum
2028 1331 2195 1360 lineamenti
2207 1336 2311 1362 dutum.
2330 1337 2424 1364 Lumine

1326 1371 1454 1408 imaginis
1470 1371 1551 1407 that-c
1561 1370 1760 1407 ichnographia
1770 1370 1829 1403 est)
1848 1369 1951 1398 deinde
1962 1369 2101 1398 inducunt
2122 1369 2228 1399 colores
2239 1393 2245 1405 ,
2268 1372 2428 1408 qiiiatlsuiit

1326 1409 1454 1451 umbram
1468 1431 1475 1443 ‚
1498 1415 1579 1445 atque
1600 1408 1635 1437 lic
1649 1407 1732 1445 paulo
1749 1407 1944 1444 expi'cllioreni
1958 1406 2077 1444 speciem
2093 1407 2244 1442 exhibent.
2267 1419 2321 1437 non
2336 1418 2426 1440 tiiizen

1328 1448 1487 1484 periectani.
1529 1447 1595 1475 iiaee
1607 1446 1785 1474 Aduinbratio
1799 1445 1879 1481 igitur
1889 1445 1943 1480 est,
1965 1445 2010 1474 cui
2026 1445 2118 1482 postea
2135 1446 2242 1474 accedit
2259 1457 2354 1476 minzi«.
2370 1450 2430 1477 iiiii-

1328 1493 1389 1513 ma:
1413 1494 1477 1514 cuni
1500 1484 1594 1513 omnia
1607 1484 1641 1512 ad
1655 1486 1779 1513 exactam
1790 1483 1954 1519 elegantiam
1965 1492 1997 1511 ac
2009 1483 2175 1511 venustatem
2188 1484 2374 1521 c›;pi›liiiziti.i‘.
2400 1489 2431 1515 ht

1330 1522 1402 1551 hanc
1413 1523 1449 1551 ob
1463 1522 1571 1551 causam
1583 1521 1856 1550 Aristoteleslihetor.
1871 1530 1894 1557 3.
1913 1529 1954 1549 i2.
1976 1530 2062 1558 genus
2078 1521 2201 1555 dicendi,
2223 1532 2277 1559 quo
2289 1533 2315 1551 i.i
2327 1523 2431 1553 delibe-

1328 1562 1422 1589 rativis
1442 1560 1526 1589 crusis
1543 1561 1664 1593 utimur,
1695 1560 1865 1594 miaffuypi'm
1884 1565 2040 1596 comparat,
2059 1559 2085 1588 δε
2100 1557 2140 1587 llli
2153 1558 2222 1588 ideae
2235 1581 2242 1594 ,
2263 1570 2322 1596 quav
2342 1562 2367 1589 iii
2385 1562 2432 1590 de-

1329 1599 1507 1641 monstrativo
1516 1607 1616 1635 genere
1626 1597 1773 1626 adhibetur
1787 1619 1804 1631 ‚.
1816 1597 1942 1634 opponit.
1984 1596 2045 1625 Hoc
2053 1596 2127 1625 enim
2141 1604 2170 1625 ut
2181 1597 2305 1626 oninium
2324 1610 2430 1628 attur..-

1329 1637 1461 1665 tillinium
1473 1640 1499 1666 δέ
1508 1635 1707 1664 oi·n.itiilimuni
1717 1634 1775 1664 vult
1786 1645 1794 1669 3
1815 1635 1852 1663 ita
1861 1633 1931 1662 illud
1942 1655 1950 1669 ,
1974 1634 1993 1662 si
2004 1634 2168 1671 exquilitum
2178 1635 2268 1663 minus
2280 1636 2434 1665 excultum-

1331 1684 1385 1718 que
1398 1674 1430 1703 iit
1445 1696 1452 1708 ‚
1474 1674 1594 1702 maxime
1606 1673 1712 1711 probat.
1735 1672 1854 1709 Qiintil.
1868 1681 1893 1708 7.
1912 1682 1952 1700 10.
1991 1671 2064 1701 Nam
2074 1672 2134 1708 quis
2146 1673 2333 1709 pictoromnia
2345 1696 2352 1708 .
2374 1685 2433 1711 quae

1332 1722 1461 1741 interum
1479 1712 1647 1740 naturasunt
1664 1711 1827 1740 adumbrare
1849 1710 1969 1739 didicit?
1990 1708 2045 1739 Sed
2065 1718 2196 1747 percepta
2213 1710 2294 1739 scinci
2309 1712 2431 1741 imitindi

1331 1749 1618 1792 ratione.alliniiilabit
1628 1747 1761 1786 quicquid
1773 1748 1918 1785 acceperit.
1941 1747 2031 1784 [Sanc
2042 1747 2171 1776 videntur
2183 1748 2290 1777 Veteres
2299 1750 2432 1786 pietuium

1334 1792 1419 1814 απλαὶς
1435 1788 1466 1831 ¹¹:
1477 1798 1500 1816 v.
1526 1786 1641 1830 intelligi
1656 1786 1770 1815 voluill'e
1783 1796 1790 1821 3
1812 1785 1957 1830 Sculptura
1966 1785 2042 1814 enim
2056 1786 2186 1823 expreilis
2196 1786 2374 1816 Aduiiil)i·.it.is
2387 1799 2434 1825 op-

1333 1832 1446 1864 ponunt
1459 1835 1602 1861 imagines.
1643 1825 1781 1853 Caeterum
1791 1823 1826 1852 dc
1838 1823 2020 1861 Sciagraphiae
2033 1824 2148 1852 notione
2161 1824 2238 1853 aliter
2247 1826 2370 1854 (ineunti
2380 1825 2433 1854 loc.

1334 1864 1392 1893 Cic.
1409 1874 1459 1901 pro
1471 1864 1496 1892 P.
1515 1863 1599 1897 Sulla.
1615 1863 1662 1899 qui
1675 1863 1744 1891 infra
1756 1861 1863 1899 legitur,
1889 1862 2018 1898 Athenag.
2041 1861 2155 1898 Apolog.
2172 1872 2197 1899 p.
2221 1873 2260 1896 ¹9·
2275 1863 2319 1891 ed.
2339 1868 2393 1894 Sto,
2407 1864 2432 1892 li.

1333 1901 1416 1931 Unde
1426 1902 1531 1930 constat
1542 1901 1571 1929 id
1578 1899 1747 1929 vocabulum
1754 1907 1859 1929 veteres
1870 1899 1905 1928 de
1916 1899 2130 1936 monogrammo
2139 1909 2249 1937 quoque
2260 1900 2364 1937 picturi
2376 1897 2437 1938 ’,Ϊω-

1333 1940 1393 1978 prie
1405 1939 1557 1981 usurpall‘e,
1578 1947 1638 1975 quae
1649 1937 1855 1967 nullasumbras
1864 1937 1993 1971 exhibet,
2016 1936 2148 1974 quicquid
2172 1937 2200 1966 V.
2217 1937 2248 1967 C.
2267 1939 2344 1974 cujus
2355 1941 2435 1968 verba

1334 1988 1369 2007 ex
1380 1977 1507 2015 Lipiiensi
1519 1976 1601 2006 Thes.
1618 1977 1672 2005 huc
1684 1976 1819 2013 descripta
1830 1976 1942 2004 fuerunt
1951 1997 1958 2009 ‚
1980 1974 2117 2012 opinatur.

1316 2016 1486 2045 Adumbrare
1505 2017 1530 2045 St
1546 2014 1725 2053 Exprimere,
1749 2013 1894 2043 contraria.
1924 2012 1982 2042 Cic.
1998 2021 2048 2050 pro
2059 2011 2150 2042 Coelio
2161 2022 2204 2042 22.
2225 2012 2361 2044 Permulta
2384 2025 2438 2044 ina-
2468 2029 2471 2031 ·

1335 2054 1472 2083 ximarum
1486 2063 1544 2082 non
1565 2051 1688 2091 express'a
1701 2051 1791 2088 signa,
1812 2051 1859 2080 sed
1881 2050 2042 2080 adumbrata
2058 2051 2199 2080 virtutum.

1316 2090 1395 2122 Idem
1413 2102 1435 2127 3.
1457 2091 1539 2121 Tusc.
1562 2100 1585 2126 3.
1618 2090 1661 2119 Est
1674 2090 1750 2118 enim
1770 2089 1856 2127 gloria
1874 2088 1961 2118 solida
1978 2088 2103 2126 quaedam
2125 2099 2166 2117 res
2182 2091 2208 2119 ἅ-
2220 2088 2361 2127 expressa,
2379 2101 2436 2120 non

1336 2130 1505 2198 adumbrata.
1528 2128 1705 2165 [Coniungit
1713 2134 1805 2157 tamen
1817 2133 1954 2164 utrunque
1966 2136 1990 2155 v.
2004 2131 2135 2163 tanquam
2149 2128 2310 2165 Synonyma
2319 2129 2440 2165 Quintil.

1365 2178 1414 2197 ec.
1442 2178 1483 2197 io.
1506 2177 1548 2197 11.

1317 2206 1487 2236 Adumbrare
1498 2228 1506 2240 ‚
1527 2214 1576 2243 pro
1587 2203 1699 2234 Imitari.
1724 2202 1782 2233 Cic.
1795 2212 1819 2240 3.
1841 2201 1877 2232 de
1890 2201 1967 2232 Orat.
1983 2204 2024 2231 16.
2058 2201 2181 2240 Idipsum
2194 2201 2286 2233 sumus
2303 2203 2331 2232 in
2343 2213 2438 2234 eorum

1338 2244 1465 2273 sermone
1475 2243 1638 2272 adumbrare
1650 2242 1750 2270 conati.

1317 2282 1422 2313 Imitari
1440 2288 1522 2319 atque
1541 2280 1711 2309 adumbrare.
1735 2279 1794 2308 Cic.
1813 2288 1838 2308 2.
1856 2276 1891 2307 de
1901 2277 1978 2308 Orat.
1996 2287 2057 2313 194.
2080 2277 2173 2314 Quare
2184 2276 2272 2307 nolite
2287 2279 2439 2309 existimare

1336 2319 1474 2358 meipsum
1483 2342 1490 2354 ,
1511 2319 1557 2356 qui
1571 2328 1628 2347 non
1638 2318 1757 2346 heroum
1766 2323 1872 2346 veteres
1883 2316 1959 2346 casus
1976 2315 2109 2353 fictosque
2119 2315 2210 2346 luctus
2221 2316 2322 2347 vellem
2340 2318 2439 2347 imitari

1338 2366 1420 2396 atque
1432 2357 1595 2387 adumbrare
1610 2354 1747 2390 dicendo,
1769 2356 1820 2385 &tn

1319 2395 1490 2427 Adumbrare
1502 2404 1608 2424 rnorem
1623 2393 1746 2429 alicujus.
1789 2392 1820 2422 V.
1843 2391 1898 2421 Mo
1908 2401 1929 2421 s.

1321 2435 1375 2465 Res
1392 2434 1461 2464 fictae
1482 2436 1508 2463 ἃ
1522 2432 1698 2464 adumbratae.
1722 2431 1779 2460 Cic.
1794 2430 1829 2459 de
1843 2430 1950 2459 Amicit.

1318 2472 1508 2507 Adumbrare,
1530 2470 1634 2508 Quavis
1656 2469 1762 2513 ratione
1780 2468 1924 2506 quidpiam
1944 2465 2105 2497 assimulare.

2359 177 2404 212 77

2256 1186 2332 1222 ,ltqui
2349 1187 2421 1215 ficia-

2163 2467 2222 2497 Cic.
2264 2490 2269 2496 .
2298 2466 2372 2498 Verr.
2397 2478 2412 2487 ··
2434 2490 2442 2498 .

1339 2510 1524 2541 Adumbratus
1535 2507 1709 2547 publicanus.
1730 2517 1749 2536 1.
1768 2517 1792 2536 e.
1814 2506 1900 2541 Cujus
1908 2515 2011 2534 nomen
2021 2512 2048 2535 te
2059 2512 2136 2540 veret,
2151 2507 2177 2536 Sc
2188 2475 2365 2535 obuiiibraret
2376 2479 2443 2536 Pisa-zl-

1339 2548 1407 2579 toris
1421 2548 1628 2585 redempturam
1640 2555 1646 2575 :
1669 2544 1715 2582 qui
1725 2554 1809 2582 quum
1822 2543 1877 2582 ipse
1888 2553 1980 2572 revera
1994 2516 2160 2580 publicanus
2176 2542 2251 2575 esset,
2275 2545 2387 2573 nornine
2399 2545 2443 2574 ffl-

1338 2587 1472 2617 schrionis
1487 2584 1699 2615 accommodato
1714 2583 1850 2612 utebatur.
1884 2581 1951 2610 Haec
1962 2581 2088 2610 Budaeus.
2111 2582 2169 2611 Cic.
2181 2591 2230 2619 pro
2242 2581 2332 2611 Domo
2342 2582 2442 2615 sumto.

1341 2625 1426 2662 Quod
1439 2624 1456 2653 si
1469 2634 1526 2653 non
1536 2623 1604 2657 fuit,
1620 2620 1687 2659 quid
1702 2628 1730 2650 te
1742 2619 1883 2654 audaciis,
1904 2619 1950 2656 qui
1961 2620 2020 2655 ejus
2034 2628 2137 2648 nomen
2147 2620 2298 2649 incideris?
2325 2621 2444 2657 quidde-

1341 2663 1483 2731 lsperatiuqs,
1504 2661 1551 2699 qui
1562 2671 1596 2690 ne
1604 2659 1784 2689 ementiendo
1795 2658 1908 2695 quidem
1927 2658 2052 2695 potueris
2065 2657 2211 2687 authorem
2222 2657 2444 2687 adumbrareme-

1353 2711 1439 2731 iorem
1459 2724 1463 2729 .

1323 2739 1443 2769 Comitia
1457 2736 1628 2767 adumbrata.
1653 2734 1711 2764 Cic.
1725 2743 1750 2763 2.
1764 2739 1860 2763 contra
1873 2731 1946 2762 Rull.
1968 2741 2013 2770 30.

1322 2777 1369 2808 Dii
1378 2775 1542 2806 adumbrati.
1565 2775 1622 2803 Cic.
1643 2783 1664 2802 i.
1680 2772 1715 2801 de
1727 2772 1790 2801 Nat.
1806 2772 1887 2801 Deor.
1899 2780 1943 2808 75.
1975 2770 2053 2800 Cedo
2063 2769 2131 2800 mihi
2147 2769 2258 2800 istorum
2269 2769 2443 2800 adumbrato-

1342 2825 1404 2845 rum
1413 2815 1536 2844 Deorum
1553 2813 1720 2842 lineamenta
1729 2817 1810 2848 atque
1829 2810 1938 2838 formas.

1322 2854 1465 2884 Indicium
1479 2851 1682 2881 adumbratum.
1710 2849 1767 2878 Cic.
1780 2858 1829 2886 pro
1838 2846 1928 2882 Sulla,
1952 2855 1995 2882 52.
2017 2845 2073 2876 Sed
2084 2846 2212 2883 quoniam
2222 2844 2364 2874 Cornelius
2377 2845 2441 2882 ipse,

1341 2893 1424 2921 etiam
1435 2899 1510 2919 nunc
1520 2890 1554 2918 de
1565 2887 1716 2917 indicando
1731 2886 1848 2921 dubitat,
1868 2892 1899 2914 ut
1914 2884 2022 2920 dicitis,
2049 2884 2179 2912 informat
2191 2883 2286 2912 adhoc
2299 2883 2443 2912 adumbra-

1342 2936 1402 2959 tum
1420 2928 1572 2961 indicium,
1593 2925 1690 2955 filium.

1321 2967 1518 3003 Intelligentia.
1535 2965 1592 2994 Cic.
1601 2963 1662 2992 1.de
1674 2962 1815 3000 Legib.59.
1829 2960 1971 2998 Quoniam
1980 2959 2119 2998 principio
2133 2967 2221 2988 rerum
2233 2958 2357 2986 omnium
2369 2958 2442 2995 qtasi

1341 3005 1516 3035 adumbratas
1526 3002 1723 3039 intelligentias
1735 3000 1828 3029 animo
1838 3009 1870 3028 ac
1883 3006 1976 3027 mente
1991 2997 2164 3035 conceperit:
2186 2995 2283 3032 quibus
2295 2996 2442 3025 illustratus

1341 3043 1474 3081 sapientia
1483 3042 1554 3071 duce
1567 3062 1574 3076 ‚
1591 3040 1697 3069 bunum
1711 3039 1800 3068 virum
1812 3060 1819 3074 ‚
1839 3039 1864 3067 St
1880 3036 1915 3065 ob
1934 3045 1995 3065 earn
2007 3035 2092 3073 ipsam
2107 3033 2214 3063 causam
2232 3041 2325 3063 cernat
2341 3033 2366 3063 se
2381 3033 2444 3063 bea-

1341 3088 1402 3111 tum
1419 3081 1486 3109 fore.

1322 3120 1436 3151 Laetitia.
1458 3117 1548 3147 Tacit.
1570 3127 1596 3153 4.
1619 3115 1689 3144 Ann.
1707 3123 1788 3152 31.2.
1819 3111 1846 3142 li.
1870 3122 1894 3142 e.
1922 3110 1998 3142 ficta
2012 3112 2037 3141 ἃ
2052 3108 2172 3139 simulata
2183 3107 2275 3138 laetitia
2293 3118 2351 3138 non
2368 3118 2440 3138 vera.

1323 3157 1430 3196 Opinio
1445 3156 1562 3185 virtutis.
1585 3154 1642 3183 Cic.
1664 3164 1687 3187 ς.
1712 3152 1747 3181 de
1766 3152 1824 3181 Fin.
1842 3154 1886 3186 69.

1321 3195 1463 3232 Suffragia.
1501 3194 1559 3222 Cic.
1575 3192 1610 3221 de
1622 3191 1693 3229 Lege
1706 3190 1766 3227 Agr.
1786 3199 1833 3227 31.

1287 3237 1310 3267 A
1319 3246 1337 3264 D
1348 3245 1366 3263 u
1375 3244 1396 3262 M
1405 3244 1420 3261 B
1430 3243 1445 3261 a
1455 3243 1473 3261 A
1482 3241 1502 3260 T
1512 3242 1520 3259 i
1529 3241 1563 3265 o,
1590 3229 1660 3259 onis.
1682 3228 1700 3257 f.
1726 3225 1906 3264 [mimam]
1927 3222 1984 3253 Cic.
1994 3222 2028 3251 de
2039 3221 2150 3251 Perfert.
2163 3221 2240 3251 Orat.
2257 3231 2317 3258 ¹03-
2359 3221 2443 3253 Nulla

1323 3273 1362 3302 est
1371 3271 1447 3300 enim
1455 3269 1512 3299 ullo
1526 3269 1553 3297 in
1564 3276 1663 3305 genere
1675 3266 1734 3295 laus
1749 3264 1863 3294 oratoris
1877 3285 1883 3296 ,
1909 3262 1986 3296 cujus
2000 3261 2029 3288 in
2049 3260 2144 3288 nostris
2158 3259 2329 3289 orationibus
2341 3270 2395 3289 non
2413 3261 2444 3289 lit

1323 3310 1431 3347 aliqua.
1451 3308 1468 3337 si
1493 3317 1550 3336 non
1563 3305 1714 3344 perfectio,
1739 3310 1766 3332 at
1791 3309 1906 3343 conat-us
1927 3307 2035 3333 tamen,
2054 3305 2135 3335 atque
2157 3297 2341 3327 adumbratio.
2363 3300 2389 3328 h.
2417 3308 2441 3327 c.

1324 3348 1377 3379 Rei
1394 3356 1464 3377 verae
1479 3344 1629 3374 similitudo
1648 3352 1680 3372 ac
1697 3340 1905 3379 repraesentatio.

1285 3387 1334 3418 An
1346 3389 1546 3416 misai-irim
1560 3404 1568 3418 ‚
1597 3381 1663 3410 Adv.
1694 3374 1920 3416 [επτωοιοιηᾶύως]
1946 3371 2138 3408 Subobscure,
2169 3382 2228 3402 non
2247 3382 2350 3411 aperte.
2391 3373 2444 3403 Lu.

1326 3422 1453 3455 cret.lib.
1466 3434 1491 3457 4.
1511 3425 1571 3457 363.
2142 3411 2154 3422 ⁹

1400 3462 1465 3490 Non
1485 3467 1579 3488 tamen
1589 3463 1620 3486 ut
1629 3463 1723 3484 coram
1731 3461 1791 3491 quae
1807 3451 1885 3490 sunt.
1905 3457 2023 3486 vereque
2039 3447 2167 3483 rotunda,

1400 3498 1454 3528 Sed
1468 3496 1540 3534 quali
1551 3493 1734 3525 adumbratim
1748 3489 1861 3527 paulum
1871 3486 1994 3515 limulata
2005 3485 2143 3515 videntur.

1287 3539 1309 3569 A
1318 3548 1337 3567 1)
1347 3547 1365 3567 U
1376 3547 1395 3566 N
1406 3547 1423 3566 C
1432 3547 1449 3565 υ
1461 3546 1472 3564 s
1485 3558 1492 3570 ‚
1515 3530 1699 3570 [ἐπικαμπὲς]
1722 3529 1779 3563 Adj.
1793 3526 1901 3563 Proprie
1909 3524 2108 3560 dicitur‚Quod
2119 3522 2190 3561 quasi
2199 3523 2233 3553 ad
2246 3531 2296 3551 nos
2304 3522 2334 3553 (i.
2347 3532 2370 3552 e.
2386 3533 2444 3552 ver-

1327 3575 1370 3605 sus
1382 3577 1445 3608 nos)
1459 3570 1624 3602 uncumiive
1635 3570 1779 3597 incurvum
1790 3564 1841 3592 eii:
1868 3563 1947 3600 quale
1957 3562 2011 3597 est,
2029 3562 2132 3599 Aquila*
2143 3563 2257 3590 rostrum
2268 3582 2276 3595 ‚
2293 3562 2317 3590 S:
2333 3570 2442 3595 canum,

1327 3610 1638 3647 leoituiii,i'1ni‘iliunique
1651 3602 1840 3642 ungues.liuic
1849 3600 2000 3638 opponitur
2011 3599 2170 3629 Redunciis.
2187 3599 2241 3627 Liv.
2251 3609 2270 3627 i.
2280 3605 2319 3630 ig.
2344 3598 2444 3628 Dextra

1325 3661 1410 3680 manu
1427 3648 1557 3678 baculum
1573 3646 1627 3674 sine
1643 3643 1717 3671 nodo
1730 3640 1870 3668 aduncum
1885 3647 2000 3673 tenens,
2018 3647 2100 3674 quein
2112 3638 2209 3666 lituum
2226 3636 2442 3673 appellaverunt.

1327 3689 1386 3718 Cic.
1406 3698 1456 3726 pro
1467 3687 1578 3715 Cluent.
1600 3687 1659 3715 180.
1700 3679 1734 3708 Se
1748 3686 1836 3714 nuper
1848 3676 1875 3704 in
1888 3675 2142 3712 auclionequadam
2153 3674 2246 3703 i'idill'e
2261 3676 2288 3702 in
2304 3674 2382 3703 rebus
2395 3675 2443 3702 mi-

1326 3727 1401 3756 nutis
1413 3726 1548 3754 aduncam
1557 3730 1590 3750 ex
1601 3717 1677 3748 omni
1690 3723 1764 3753 parte
1776 3714 1903 3743 dentium
1917 3712 2100 3743 &tortuosam
2111 3713 2203 3741 venire
2213 3711 2348 3740 l'erridam.

1327 3766 1451 3794 Aratrum
1472 3761 1621 3789 aduncum.
1643 3754 1726 3784 Ovid.
1738 3763 1763 3782 2.
1781 3752 1848 3782 Met.
1869 3755 1932 3785 286.

1327 3803 1419 3832 Arcus.
1443 3797 1525 3827 Ovid.
1543 3807 1567 3831 4.
1580 3792 1661 3831 Epist.

1329 3835 1498 3875 corpuscula
1507 3840 1632 3863 curvata.
1646 3831 1671 3859 St
1683 3828 1755 3866 quali
1776 3827 1893 3857 adunca.
1927 3825 1985 3856 Cic.
2001 3835 2024 3855 1.
2036 3825 2070 3855 de
2082 3824 2145 3854 Nat.
2162 3823 2244 3854 Deor.
2255 3827 2298 3854 66.

1330 3875 1443 3907 Cimba.
1466 3871 1549 3901 Ovid.
1567 3881 1588 3899 i.
1615 3868 1756 3902 Met.29o.
1898 3876 1901 3878 ·

1329 3910 1434 3944 Dentes
1444 3918 1581 3947 aprorum.
1603 3905 1686 3935 Ovid.
1705 3915 1745 3934 10.
1765 3902 1834 3933 Met.
1853 3912 1913 3939 550.

1330 3951 1406 3981 falx.
1429 3948 1512 3978 Ovid.
1537 3958 1577 3982 14.
1598 3944 1666 3974 Met.
1681 3946 1744 3977 628.

1330 3989 1452 4020 Ferrum.
1479 3985 1562 4015 Ovid.
1579 3994 1604 4020 9.
1626 3981 1696 4013 Met.
1715 3986 1776 4016 1²8·

1905 4013 1930 4044 K
1951 4022 1964 4050 3
2335 4008 2449 4039 Hamus.
