2604 4222
72 106 143 145 708
501 88 531 125 C
627 86 662 121 Ο
757 82 777 116 S

121 291 257 329 rymbiam
266 289 339 318 hanc
350 292 468 329 vocant,
489 278 692 325 Corymbosque
702 284 756 312 quo

89 368 112 398 C
121 324 578 401 gupinhedcl’itilirgigpriyngbifigwrtgigissst
589 362 670 418 quassn
680 347 853 380 Dioscorides
864 338 970 378 λυχνίέὶι
987 336 1152 374 ςπφακωπιιέι,
1175 334 1231 363 hoc

90 443 113 473 C
123 405 164 473 {sii
173 402 343 471 iciacgriliiiiff
355 396 882 487 if’rr‘ipirfflisssttiffiessziiimiculunlileit
891 416 1232 484 munsseriruoniiiffiniiibliigi

128 469 616 556 iciggrppgi[pririffi‘rtiziirlrlia,Tsrcpgp;1rsaer›
620 464 964 536 [Ceiightdtilnlggitdgitrigyis
975 491 1132 534 inferiorem
1144 485 1231 519 ducit,

129 553 324 594 corymbioque
334 547 453 593 dominre
463 544 539 582 pueri
547 528 1235 606 adorngtaeiiigineii'tuffilxessoariizirriiHvxgegtuiipss'dsigl

129 583 620 663 iligriieniiuldiisriiiitliefigiliiticsdjleiilt}
642 586 782 643 Peeronius
794 609 895 638 arbiter
912 604 1082 642 Corymbion
1100 598 1232 638 appellat.

133 650 253 697 Etast'ert
270 663 355 692 Turn.
372 660 417 688 lib.
432 665 581 694 1.cap.21.
598 655 624 683 &
637 652 684 681 lib.
696 661 724 693 4.
735 658 796 685 cap.
815 657 856 690 19.
880 645 913 674 H.
924 645 973 688 ‘St.
1028 679 1033 684 ι
1162 671 1167 681 Ι

96 705 145 736 06
154 713 194 733 ait
203 713 224 731 M
234 711 265 730 131
275 709 335 728 ras
345 719 353 733 ,
373 707 403 726 ae.
424 705 460 724 m.
483 695 497 730 [
509 690 670 727 ’ωευμ-ζιᾶης]
690 685 843 731 Tithymali
859 683 962 721 species
971 702 979 715 ,
999 678 1064 708 alias
1082 677 1237 721 ’φλοιπφνλ-

133 746 186 772 A&
200 745 294 768 vocata
307 759 315 770 ,
335 746 351 764 a
362 734 491 764 foliorum
501 729 656 760 latitudine.
694 724 781 755 Pisces
800 728 900 757 necat,
922 720 1014 750 alvum
1030 715 1111 745 solvit
1127 713 1236 746 radice,

96 817 119 849 C
126 777 277 846 ἔῑιξοέῗᾶ
288 767 771 845 ενῗιίῗυῇὲ·[Ἓέιῇὲέιῖόῖἒὲἐηῗῦε
781 797 901 832 hederae,
913 804 968 833 quo
978 784 1164 823 Zoronabatur
1174 787 1238 817 Bac-

134 850 264 918 chussg'di
269 849 338 916 &aiiii
347 856 473 915 fibiesffr}
484 881 559 910 frons
567 878 693 908 redimita
701 873 849 913 corymbis.
857 910 863 916 ¹
926 870 995 914 Plin.
1005 867 1053 896 lib.
1065 875 1076 894 1
1083 868 1108 894 6.
1119 873 1180 900 cap.
1192 871 1236 906 ³⁴.-

132 929 167 958 de
179 927 278 956 hedera
290 924 414 959 loquens,
427 919 551 950 Racemis
561 918 590 946 in
600 916 696 945 orbem
705 912 888 944 circumactis,
901 918 948 946 qui
958 911 1093 937 vocantur
1101 900 1236 939 corymbi.

133 964 251 996 Diffusus
263 961 407 998 corymbos
418 958 494 987 vestit
504 955 613 985 hedera.
635 954 707 990 Virg.
721 961 745 988 3.
758 950 815 980 Ecl.
831 958 875 986 39.

133 998 359 1077 ggssigissugvigdst
369 997 584 1063 {digigtffigfus
598 1027 791 1066 chrysocome,
807 1023 859 1053 sive
876 1017 1029 1058 chrysitidis
1047 1017 1146 1047 herbae.
1169 1014 1241 1043 Plin.

153 1078 199 1106 lib.
209 1085 252 1105 21.
268 1084 326 1111 cap.
337 1079 362 1106 8.
384 1070 568 1108 Chrysocome
578 1067 632 1097 sive
644 1064 766 1102 chrysitis
780 1071 837 1091 non
848 1060 931 1089 habet
943 1058 1065 1102 Latinam
1077 1053 1242 1099 appellatio-

151 1124 225 1144 nem.
244 1112 328 1150 palmi
346 1110 491 1141 altitudine
510 1107 567 1143 est,
588 1103 763 1135 comantibus
776 1099 881 1136 fulgore
897 1106 955 1126 auri
970 1093 1126 1133 corymbis,
1147 1092 1240 1121 radice

134 1161 287 1226 Crgigyrssbus
298 1191 345 1215 aut
355 1182 541 1221 Corymbum3
563 1179 690 1210 Rostrum
698 1176 790 1209 navis,
807 1175 837 1218 .&
850 1172 970 1216 quodvis
980 1169 1127 1199 summum.
1149 1165 1240 1196 Valer.

154 1227 201 1257 lib.
222 1235 243 1254 1.
265 1225 363 1261 Argon.
376 1230 439 1257 ²73-
666 1231 703 1236 —-
718 1214 815 1249 Phryxr
830 1215 1001 1249 promittitur
1011 1206 1108 1251 absens

189 1262 296 1296 Vellus,
322 1262 346 1290 ἂ
356 1259 456 1289 auratis
467 1258 536 1294 Argo
545 1254 664 1285 reditura
674 1251 822 1290 corymbis.
859 1249 901 1284 [i.
912 1257 939 1277 e.
961 1247 1055 1276 Sertis.
1077 1243 1108 1272 V.
1121 1241 1240 1272 Broekh.

100 1340 122 1371 C
130 1302 323 1369 oiitirliiizliefiii·
331 1302 397 1370 ds?
408 1306 440 1368 ἐ,
461 1341 518 1362 um.
545 1330 605 1366 Adj.
627 1328 710 1359 Instar
719 1324 851 1364 cor-ymbi.
873 1322 959 1353 Treb.
971 1320 1059 1350 Pollio
1069 1317 1167 1348 Claud.
1178 1326 1241 1355 cap.

139 1387 180 1413 ¹7·
204 1375 297 1405 Discus
310 1372 492 1411 corymbiatus
502 1375 655 1406 argenteus.
678 1366 707 1394 V.
728 1365 766 1393 ibi
777 1361 888 1392 Salmas.
903 1398 908 1404 ¹

101 1415 149 1446 Co
158 1424 174 1443 a
183 1422 230 1442 γΜ
240 1423 254 1441 ις
263 1413 315 1441 inii
326 1421 341 1440 a
352 1433 361 1446 ‚
381 1420 397 1440 a
410 1431 417 1444 ‚
439 1418 494 1438 um.
517 1406 576 1440 Adj.
598 1401 832 1441 [ιωρυμζοφόςῶω]
853 1399 910 1436 Qui
928 1395 1076 1434 corymbos
1089 1393 1144 1424 sive
1158 1392 1244 1423 hede-

139 1461 175 1482 rae
184 1450 282 1480 similes
296 1457 418 1478 racemos
427 1447 484 1475 fert.
509 1443 591 1473 Ovid.
605 1452 627 1471 1.
642 1441 709 1471 Fast.
721 1449 781 1484 393.
854 1474 862 1481 ·
1096 1448 1099 1464 s

216 1487 290 1517 Festa
301 1484 474 1524 corymbiferi
482 1480 635 1513 celebrabat
649 1479 750 1508 Graecia
762 1474 872 1519 Bacchi.
959 1510 965 1517 ·
1081 1508 1087 1515 ,

101 1527 125 1559 C
133 1528 151 1557 ὃ
158 1536 175 1556 a.
183 1535 201 1555 ir
209 1533 227 1554 Ν
236 1529 252 1554 ῑτ.
260 1535 274 1553 P
283 1533 302 1553 H
311 1526 328 1553 ὂ
336 1533 352 1552 a
361 1534 371 1552 r
410 1530 496 1551 orum.
517 1529 554 1548 m.
576 1515 765 1554 [υςυνηφᾰςοι]
793 1513 898 1543 Milites
920 1510 1034 1548 quidam
1056 1507 1224 1549 dicebantur
1232 1529 1242 1542 ‚

139 1573 208 1601 quos
221 1562 364 1592 Pisistratus
378 1545 546 1590 iitheniensis
558 1562 689 1594 tyrannus
699 1575 707 1588 ,
730 1553 765 1582 ad
774 1551 813 1581 sui
824 1550 948 1593 corporis
958 1547 1108 1591 custodiam
1118 1545 1244 1575 delectos

138 1600 259 1631 habuiss'e
270 1600 373 1633 fertur,
393 1597 475 1627 clavis
485 1595 637 1624 instructos.
660 1591 760 1621 Aut‘tor
770 1589 844 1619 Alex.
860 1586 966 1617 Genial.
982 1585 1030 1614 lib.
1043 1587 1068 1613 6.
1083 1593 1145 1620 cap.
1158 1593 1204 1613 22.
1237 1621 1244 1627 ι

102 1639 149 1672 Co
160 1647 176 1667 a
184 1648 202 1668 v
210 1647 229 1667 Ν
238 1640 281 1667 ΞΤ
289 1646 310 1666 A
318 1658 326 1671 ,
346 1645 377 1665 ae.
397 1645 434 1664 m.
455 1632 598 1669 [κομήτης
612 1629 723 1663 Suidae]
744 1628 825 1658 Latro
836 1626 888 1655 fuit
898 1622 1106 1665 famosissimus,
1128 1620 1246 1665 Vulcani

138 1676 229 1710 filius,
250 1675 296 1712 qui
307 1675 383 1707 iuxta
400 1672 568 1710 Epidaurum
587 1667 706 1704 hospites
718 1665 813 1699 clava,
832 1673 892 1701 quae
912 1661 990 1697 κοςῦνη
1009 1660 1108 1704 Graecis
1122 1659 1244 1694 dicitur,

139 1713 266 1753 peremit.
302 1711 383 1740 Unde
398 1711 423 1739 ἂ
438 1709 492 1738 hoc
502 1707 623 1736 nominis
633 1705 681 1734 sibi
691 1703 801 1747 sumpsit
810 1712 816 1732 :
838 1702 914 1740 prius
922 1699 999 1729 enim
1009 1697 1188 1736 Periphatum
1197 1706 1245 1726 vo-

139 1758 231 1781 catum
241 1749 361 1779 tradunt.
400 1747 481 1777 Hunc
496 1744 617 1775 Theseus
626 1741 773 1772 interfemt.
1016 1774 1023 1780 ·
1207 1772 1213 1779 ¹

104 1790 127 1820 C
135 1799 152 1819 ο
162 1799 178 1818 a
187 1798 206 1818 γ
215 1797 228 1816 1³
236 1797 257 1817 H
267 1798 290 1816 ra
301 1797 319 1816 u
327 1796 340 1816 s
350 1807 359 1821 ,
380 1785 398 1814 i.
420 1794 456 1814 m.
477 1782 630 1820 [κοςυφαῖον
648 1779 732 1817 Ἇςθ]
752 1778 837 1809 Mons
844 1776 882 1807 est
892 1776 965 1806 circa
971 1773 1157 1813 Epidaurum,
1177 1772 1247 1803 Dia-

103 1865 127 1896 C
136 1826 287 1894 ἓῗῖὃιξξῑῐῇ
294 1823 439 1895 {tffhianm
458 1855 645 1895 [καευφαῖἴῡ]
664 1864 681 1883 a
689 1853 776 1889 κορυφὴ
790 1853 892 1883 vertex
905 1874 914 1888 ‚
934 1851 973 1881 est
990 1849 1126 1886 Cujusque
1139 1847 1247 1879 ordinis

141 1900 429 1939 caput&praecipuus.
468 1897 526 1926 Cic.
540 1904 563 1923 1.
580 1893 616 1923 de
627 1892 690 1922 Nat.
711 1892 792 1921 Deor.
815 1901 857 1925 59.
878 1889 1043 1923 Zenonem,
1064 1896 1148 1931 quem
1167 1885 1247 1915 Philo

140 1940 229 1969 noster
239 1937 416 1975 coryphaeum
424 1934 562 1973 appellare
570 1931 769 1968 Epicureorum
780 1928 903 1964 solebat,
924 1936 1010 1965 quum
1020 1926 1133 1955 Athenis
1143 1923 1226 1954 effem
1235 1945 1246 1960 ,

141 1976 286 2006 audiebam
295 1976 460 2011 frequenter.
482 1972 512 2000 V.
535 1970 618 1999 Henr.
630 1967 725 2006 Steph.
739 1966 821 1997 Thes.
838 1966 884 1996 Gr.
962 2003 968 2008 .
1207 2001 1213 2006 1

106 2014 128 2045 C
137 2025 153 2044 o
162 2024 176 2042 a
184 2023 203 2043 Y
211 2023 225 2042 ι’
235 2023 255 2042 H
266 2022 284 2042 A
292 2021 304 2042 s
314 2034 322 2047 ‚
342 2011 459 2041 Troadis
481 2008 619 2047 oppidum
629 2028 638 2043 ,
659 2006 689 2035 in
707 2006 794 2035 tractu
813 2002 1005 2034 Heracleotico
1016 2023 1026 2038 ,
1046 2007 1078 2032 ut
1098 1999 1160 2030 vult
1173 1999 1245 2030 Plin.

142 2052 188 2081 lib.
220 2073 226 2080 .
239 2060 268 2080 ca
293 2072 298 2079 .
312 2059 328 2079 2
350 2071 356 2078 .

106 2090 128 2120 C
138 2099 177 2119 os
186 2062 227 2116 γςι>
236 2097 257 2116 ir
268 2060 289 2116 Ξ
296 2097 308 2116 s
316 2059 354 2116 ιῖ]
362 2097 393 2121 M,
411 2085 430 2114 i.
451 2094 479 2113 n.
500 2081 668 2119 [Κορυφάσιον
679 2081 694 2116 ]
714 2078 933 2118 Regiuncula-est
941 2078 999 2116 agri
1006 2076 1135 2107 Laconici
1146 2098 1155 2113 ,
1174 2076 1249 2106 circa

144 2126 247 2164 Pylum.
267 2125 396 2162 Stephan.
436 2122 509 2151 Hinc

107 2164 178 2195 Coa
188 2172 228 2192 ici>
238 2172 257 2191 rr
266 2171 320 2191 Asi
329 2171 347 2190 A
359 2183 368 2196 ‚
387 2170 418 2190 ae.
434 2159 453 2188 f.
475 2156 658 2194 [xoevvaeioe]
678 2155 806 2185 Minerva
819 2176 827 2190 ‚
847 2154 984 2192 appellata
1000 2153 1039 2182 est
1052 2162 1068 2181 a
1080 2151 1250 2190 Coryphalio

164 2200 349 2233 romontorio,
369 2199 398 2227 in
406 2206 460 2234 quo
472 2195 551 2233 Pylos
560 2194 624 2224 urbs
635 2194 749 2223 condita
759 2192 812 2222 fuit
822 2214 830 2226 ,
850 2199 881 2221 ut
895 2191 1005 2221 Pausan.
1019 2191 1112 2220 tradit.
1127 2200 1186 2224 cap.
1197 2189 1247 2219 ult.

177 2237 257 2267 effen.
279 2236 432 2274 Stephanus
443 2240 535 2263 tamen
548 2254 556 2268 ,
576 2231 761 2269 Coryphasion
776 2229 963 2267 regiunculam
979 2229 1144 2258 Laconicam
1157 2227 1250 2256 scribit

143 2276 210 2314 Pylo
219 2276 381 2312 proximam.
421 2272 462 2301 De
473 2269 638 2307 Coryphafia
652 2269 777 2298 Minerva
792 2268 826 2297 fic
839 2268 867 2296 in
878 2278 905 2302 4.
918 2267 1011 2304 prodit
1022 2266 1124 2295 Arnob.
1151 2265 1228 2302 Quid
1239 2286 1248 2300 ‚

143 2313 250 2350 inquit,
271 2312 429 2341 arbitramur
445 2309 525 2338 fore?
545 2307 688 2336 desistetne
702 2306 748 2335 illa
761 2306 916 2334 Minervam
934 2304 961 2333 se
976 2304 1068 2333 dicere
1079 2326 1086 2339 ,
1108 2304 1152 2332 cui
1165 2304 1250 2339 Cory-

142 2350 240 2389 phafiae
255 2358 358 2378 nomen
368 2347 423 2382 est,
442 2346 530 2375 velex
539 2344 675 2382 Coryphae
688 2344 782 2373 matris
793 2343 868 2380 signo
881 2352 888 2372 :
909 2342 955 2372 vel
970 2342 1045 2378 quod
1057 2351 1072 2371 e
1085 2341 1188 2371 vertice
1203 2340 1250 2375 Jo-

143 2387 311 2455 ffspalsmilm
319 2388 407 2453 ielirerits
416 2384 539 2418 emicuit,
550 2389 633 2450 {tque
648 2390 786 2411 armorum
797 2381 920 2410 accincta
931 2379 1090 2416 terroribus,
1101 2381 1152 2409 διε.
1173 2378 1248 2408 conf.

244 2447 250 2454 .
317 2447 323 2453 .
354 2432 384 2452 ec
400 2445 405 2451 .
434 2431 475 2451 .2.
515 2443 521 2450 .
589 2442 595 2449 .

107 2463 153 2494 Co
162 2435 231 2492 nep-it}
241 2471 261 2491 ir
271 2434 327 2494 rit,
348 2431 435 2490 oruni.
452 2469 479 2488 n.
493 2429 593 2496 {uzeda
605 2456 719 2494 Colycia
730 2478 738 2491 ,
760 2456 800 2486 Ex
810 2465 909 2494 genere
919 2456 1057 2484 muricum
1069 2454 1131 2483 sunt
1142 2476 1151 2488 ‚
1173 2463 1251 2491 aeque

143 2501 279 2530 turbinata
290 2521 297 2532 ,
318 2498 364 2528 sed
377 2498 464 2526 multo
475 2497 580 2525 minora
591 2516 599 2529 ,
620 2495 674 2524 oris
685 2493 781 2524 halitui
794 2494 981 2524 conservando
989 2492 1126 2531 imprimis
1136 2492 1249 2522 idonea.

145 2539 242 2567 Auftor
260 2536 327 2566 Plin.
340 2535 388 2565 lib.
402 2543 445 2570 32.
459 2544 519 2572 cap.
531 2542 557 2569 7.
587 2532 618 2561 V.
640 2532 724 2561 Hard.
746 2538 804 2561 not.

108 2575 130 2606 C
138 2578 156 2605 ὁ
164 2585 179 2604 a
190 2576 208 2604 ζ’
216 2584 235 2603 τ
245 2584 265 2603 H
275 2584 293 2603 u
303 2583 315 2603 s
324 2595 332 2609 ,
353 2574 371 2603 i.
393 2582 429 2602 m.
450 2570 617 2607 [KdevS&]
638 2570 724 2607 Vulgo
731 2573 841 2596 Cortona
852 2589 859 2601 ,
879 2569 1027 2607 Oppidum
1037 2567 1173 2603 Thusciae,
1186 2577 1250 2605 pro-

143 2622 179 2651 pe
187 2612 305 2642 Aretium
316 2633 324 2646 ‚
345 2611 374 2639 in
387 2619 471 2648 parvo
484 2608 554 2638 colle
568 2607 689 2644 ejusdem
701 2608 821 2637 nominis
839 2607 918 2636 situm
929 2629 938 2643 ,
957 2617 974 2636 a
995 2606 1119 2644 Corytho
1135 2615 1200 2644 rege
1213 2606 1251 2635 ita

147 2649 326 2688 appellatum.
346 2648 418 2685 Virg.
433 2657 457 2683 9.
471 2648 530 2677 AEn.
547 2655 588 2674 10.

234 2687 293 2716 Nec
303 2686 363 2716 satis
372 2693 507 2715 extremas
517 2682 629 2720 Corythi
639 2682 794 2721 penetravit
803 2682 836 2711 ad
847 2682 937 2712 urbes.

108 2725 131 2755 C
141 2727 158 2753 ὃ
169 2734 182 2752 κ
192 2728 210 2753 i‘(
220 2734 239 2753 τ
249 2734 266 2753 u
275 2733 287 2753 s
295 2745 303 2757 ,
325 2724 343 2753 i.
365 2733 401 2752 m.
424 2724 438 2758 [
449 2721 567 2757 7⁴1qu]
586 2720 681 2750 Theca
690 2720 854 2758 sagittarum-

146 2761 229 2791 Leves
238 2762 335 2798 coryti.
358 2760 428 2797 Virg.
441 2769 482 2788 10.
501 2758 559 2788 AEn.
571 2761 633 2794 169.

233 2799 381 2835 Corytique
391 2798 465 2827 leves
476 2796 614 2832 humeris,
635 2796 661 2825 &
674 2794 764 2824 letifer
773 2804 860 2824 arcus.
960 2793 1023 2824 Hoc
1048 2793 1078 2822 in
1096 2792 1162 2823 loco
1184 2792 1252 2830 legit

144 2836 252 2866 Nonius
265 2835 381 2868 Corisci,
402 2835 448 2865 sed
467 2843 514 2872 per
536 2843 608 2863 eram
620 2843 627 2863 :
649 2832 777 2862 nonnulli
797 2832 883 2862 Coriti
895 2841 902 2862 :
922 2832 968 2862 alii
987 2841 1053 2862 vero
1073 2841 1137 2861 curri
1153 2830 1253 2868 aspira-

144 2875 220 2903 tione
230 2875 257 2902 in
269 2874 354 2911 prima
368 2872 468 2910 syllaba
479 2894 487 2907 ,
531 2871 621 2908 horyti
630 2893 639 2906 ,
660 2871 697 2899 sic
706 2870 799 2900 Aldus.
837 2870 891 2901 Sed
903 2879 966 2899 cum
979 2879 994 2899 a
1026 2878 1095 2899 raeco
1105 2868 1196 2906 204⁰&
1205 2869 1255 2898 de-

145 2913 260 2942 rivetur,
281 2911 394 2940 omnino
405 2909 578 2940 scribendum
588 2908 643 2943 est,
663 2908 789 2946 Corytus.
814 2907 845 2938 V.
866 2908 951 2938 Ovid.
965 2918 988 2943 5.
1028 2907 1082 2937 rist.
1093 2917 1118 2944 7.
1132 2917 1174 2943 ις.
1186 2907 1250 2937 Seri.

148 2948 256 2978 Hercul.
269 2948 319 2978 fur.
333 2958 358 2978 v.
374 2957 451 2984 ¹¹77·
464 2946 546 2977 &Sis
557 2955 583 2981 7.
595 2955 658 2983 ⁴4³·
679 2967 683 2972 .

111 2986 132 3015 C
142 2996 158 3014 o
168 2996 182 3014 a
192 2996 207 3014 r
217 2995 233 3014 z
241 2996 260 3014 A
271 3007 279 3019 ,
300 2995 331 3015 ae.
352 2985 370 3015 f.
392 2984 527 3021 [κόρυζα]
547 2983 688 3021 Corruptae
700 2982 838 3013 &soetidae
847 2988 949 3012 naturae
958 2982 1080 3012 defluxio
1091 3004 1099 3017 ,
1117 2991 1195 3011 nares
1204 2982 1253 3011 ob-

147 3031 237 3052 turans
246 3045 254 3058 ,
274 3024 300 3052 δι
313 3032 410 3052 vocem
419 3023 576 3051 obtundens
586 3043 594 3056 ,
611 3030 694 3059 quam
707 3021 794 3050 Latini
805 3019 987 3050 Gravedinem
999 3020 1148 3057 appellant.
1159 3020 1254 3049 Celsus

147 3060 192 3089 lib.
204 3071 229 3094 4.
249 3069 279 3089 ca
303 3069 344 3089 .2.
374 3060 498 3090 Gravedo
518 3069 595 3089 nares
613 3059 732 3093 claudit,
753 3068 852 3088 vocem
875 3057 1006 3087 obtundit
1017 3078 1024 3089 ,
1047 3057 1137 3086 tullim
1155 3058 1254 3088 siccam

148 3104 237 3126 movet
250 3107 257 3126 ε
290 3098 325 3126 ub
335 3098 432 3127 eadem
442 3097 503 3126 salsa
511 3098 548 3126 est
559 3096 640 3126 saliva
651 3118 658 3131 ,
679 3095 777 3125 sonant
788 3105 865 3124 aures
875 3117 883 3130 ,
903 3105 978 3125 venae
987 3102 1131 3124 moventur
1142 3096 1169 3123 in
1181 3096 1254 3134 capi.

148 3141 174 3164 te
183 3156 191 3170 ,
211 3135 319 3165 turbida
329 3136 406 3165 urina
414 3137 459 3165 est.
499 3135 565 3165 Haec
574 3134 668 3164 omnia
678 3133 779 3170 καςύζσκ
793 3132 977 3171 Hippocrates
985 3133 1108 3172 appellat
1120 3155 1128 3169 ‚
1146 3135 1198 3164 &c-

538 3197 567 3231 C
663 3197 699 3232 O
795 3195 816 3231 S

114 3244 160 3274 Co
170 3254 198 3280 s,
218 3244 312 3275 lnsula.
353 3245 385 3275 V.
406 3255 424 3274 c
435 3254 504 3274 oos.

114 3283 136 3311 C
144 3291 180 3325 os
191 3303 199 3315 .
219 3284 294 3312 cotis.
315 3282 333 3312 f.
356 3283 470 3319 [οὶκὸνη]
487 3282 588 3312 dicitur
599 3282 702 3312 Saxum
714 3280 838 3319 asperum
848 3287 931 3318 atque
941 3281 1106 3318 abruptum:
1128 3282 1196 3311 item
1208 3281 1259 3312 La-

151 3329 191 3356 pis
207 3329 259 3355 quo
269 3320 348 3350 cultri
358 3328 501 3349 acuuntur.
541 3320 598 3350 Liv.
614 3330 637 3349 1.
655 3323 697 3354 ³⁶·
720 3320 798 3356 Atqui
821 3320 875 3348 hoc
892 3320 985 3348 animo
1010 3320 1108 3356 agitavi
1120 3342 1128 3355 ,
1149 3321 1257 3357 inquit,

150 3363 177 3386 te
187 3358 318 3423 ngvgcula
332 3364 422 3387 cotem
433 3356 610 3387 discissurum.
649 3356 717 3386 Plin.
728 3357 777 3386 lib.
793 3363 835 3392 18.
852 3366 912 3395 cap.
926 3363 972 3392 28.
993 3357 1071 3388 ltalia
1082 3357 1204 3395 aquarias
1214 3368 1260 3389 co·

152 3401 192 3422 tes
223 3404 235 3422 e
259 3403 286 3424 it.

151 3430 263 3460 Oleares
279 3438 363 3463 cotes.
403 3431 434 3461 V.
456 3441 497 3461 011
506 3442 519 3461 Ε
528 3441 545 3460 υ
554 3442 584 3461 M-

152 3467 236 3505 Fungi
248 3470 305 3498 vice
316 3470 395 3499 cotis.
418 3469 483 3498 Hor.
496 3470 524 3498 in
535 3471 598 3499 Arte
610 3468 687 3498 Poet.
701 3477 765 3504 30⁴.

389 3508 529 3543 -fungar
542 3508 602 3535 vice
613 3507 683 3535 cotis
695 3529 702 3540 ,
723 3513 836 3536 acutum

219 3580 223 3585 Ι
241 3542 364 3573 Reddere
375 3553 434 3580 quae
444 3545 543 3573 ferrum
553 3544 626 3573 valet
634 3544 724 3573 exsors
738 3545 793 3582 ipsa
806 3543 924 3573 secandi.

154 3578 329 3610 Fortitudinis
345 3591 400 3610 cos.
438 3581 494 3610 Cic.
508 3593 534 3616 4·
558 3581 638 3611 Acad.
655 3591 713 3616 ης.
750 3582 835 3619 ipsam
860 3581 1033 3612 iracundiam
1045 3603 1054 3617 ,
1083 3583 1260 3615 fortitudinis

171 3617 241 3653 quasi
252 3618 401 3647 coremeil'e
413 3619 549 3647 dicebant.
572 3619 649 3648 conf.
671 3628 688 3648 c
700 3629 718 3648 A
731 3629 748 3647 υ
760 3629 778 3647 τ
789 3629 803 3648 ε
813 3629 834 3648 s.

120 3652 327 3696 Cor-reuera,
347 3665 377 3698 fe.
398 3656 416 3684 f.
437 3657 590 3692 [βάσει-Θ]
611 3657 708 3685 dimin.
730 3657 793 3686 licet
805 3667 859 3686 non
878 3657 962 3685 servet
973 3655 1154 3694 significatum
1166 3660 1261 3697 primi-

155 3698 220 3720 tivi:
242 3702 298 3720 non
309 3702 382 3735 enim
393 3694 431 3735 eit
442 3693 521 3722 l'arva
531 3703 594 3722 cos:
616 3692 661 3722 sed
675 3695 753 3732 Lapis
769 3704 826 3731 quo
843 3694 875 3723 fit
894 3696 950 3723 auri
967 3699 1008 3723 vel
1028 3697 1131 3733 argenti
1152 3699 1260 3734 experi-

154 3736 285 3770 mentum.
325 3730 390 3772 Pliri.
403 3730 447 3758 lib.
461 3741 502 3765 ῃ.
515 3740 573 3767 cap.
585 3737 610 3764 8.
635 3733 695 3760 Auri
706 3735 864 3768 argentique
883 3734 1054 3761 mentionem
1066 3735 1262 3764 comitaturla-

155 3774 316 3829 ziz-quern
328 3767 471 3795 coticulam
489 3769 643 3804 appellant:
667 3772 806 3805 quondam
822 3780 878 3798 non
892 3769 985 3798 solitus
1003 3771 1140 3806 inveniri,
1162 3772 1210 3801 nisi
1231 3773 1261 3801 in

177 3811 266 3843 umine
278 3803 380 3846 Tmolo
391 3825 399 3837 ,
423 3813 451 3846 ut
463 3807 555 3833 auctor
570 3806 606 3834 est
617 3805 835 3844 Theophrastus:
859 3817 933 3835 nunc
950 3817 1015 3836 vero
1038 3809 1134 3845 paslim
1148 3831 1157 3844 ‚
1179 3819 1263 3847 quem

157 3837 201 3866 alii
214 3839 367 3868 Heraclium
378 3861 385 3872 .
407 3842 451 3868 alu
467 3841 579 3876 Lydium
591 3852 698 3872 vocant.

156 3875 295 3918 Coticula,
316 3878 424 3918 vident
433 3878 525 3906 Genus
536 3878 589 3906 effe
598 3880 663 3908 vasis
676 3889 737 3909 cote
748 3881 868 3915 fastum,
880 3882 955 3918 apud
970 3881 1036 3910 Plin.
1052 3881 1098 3912 lib.
1111 3892 1155 3920 31.
1167 3893 1261 3923 cap.9.

175 3911 331 3949 Contraque
340 3914 496 3945 sursuliones
504 3916 648 3946 oculorum
661 3926 724 3947 cum
738 3918 808 3949 laste
819 3921 847 3948 in
858 3920 985 3949 coticulis
996 3920 1102 3950 teritur.

1752 49 1782 84 C
1882 50 1918 84 O
2018 47 2039 83 S

1284 140 1306 170 C
1314 150 1331 168 o
1339 147 1359 167 τ
1369 147 1388 166 A
1397 147 1413 165 a
1422 146 1432 164 r
1441 144 1459 164 A
1471 156 1479 169 ,
1500 144 1531 163 ae.
1553 133 1572 162 s.
1593 132 1686 161 Locus
1697 132 1773 161 unde
1780 137 1914 160 eruuntur
1925 136 2012 160 cotes.
2055 129 2198 167 Alphenus
2216 129 2245 159 i..
2256 128 2352 159 Caesar.
2365 126 2400 156 D.
2412 128 2448 158 de

1323 173 1481 206 Publicanis
1490 195 1498 207 ,
1516 170 1602 200 Caesar
1613 179 1698 206 quum
1708 169 1803 198 insulae
1815 169 1902 197 Cretae
1913 168 2029 197 cotarias
2037 167 2157 202 locaret,
2178 167 2270 205 legem
2280 168 2317 196 ita
2327 166 2447 201 dixerat,

1323 215 1367 243 Ne
1381 213 1441 249 quis
1452 217 1549 248 praeter
1563 209 1770 244 redemptorem
1782 208 1840 243 post
1850 207 1890 236 ld.
1904 206 2017 235 Martias
2029 214 2123 235 cotem
2138 215 2175 235 ex
2192 204 2280 235 insula
2288 204 2368 235 Creta
2377 203 2450 232 fodi-

1323 259 1352 280 to
1364 273 1372 285 ,
1394 259 1464 278 neve
1479 247 1595 276 eximito
1608 267 1615 279 ,
1639 255 1710 274 neve
1720 244 1843 273 avellito.
1884 243 1995 284 Legitur
2006 246 2031 274 ἃ
2044 244 2180 274 Cotorias.

1289 290 1505 319 Corifiizrus
1519 306 1527 318 .,
1547 285 1565 313 i.
1588 293 1626 313 m.
1651 283 1708 312 Vet.
1724 282 1809 313 Gloff.
1828 281 1925 311 Graeco
1944 287 2003 311 Lat.
2025 280 2139 311 ἀωηπίς
2151 303 2159 316 ,
2180 280 2346 315 Samiarius,
2366 279 2453 308 cotia-

1326 327 1380 355 rius
1420 324 1561 353 acutiator.

1289 365 1311 395 C
1319 375 1335 393 o
1346 373 1365 391 *r
1374 347 1426 392 i'ri
1436 372 1453 390 c
1461 371 1477 390 o
1488 383 1496 395 ‚
1516 363 1570 388 are.
1593 358 1622 387 In
1635 356 1738 386 cotaria
1747 355 1881 390 laborare,
1902 361 1995 385 cotem
2009 355 2108 386 secare.
2132 356 2212 394 Apul.
2226 356 2262 385 de
2272 355 2334 384 Deo
2346 354 2452 384 Socrat.

1325 412 1353 439 p.
1366 405 1410 436 46.
1432 400 1531 434 Neque
1549 397 1625 426 enim
1642 404 1692 432 pro
1712 394 1853 429 majestate
1874 394 1997 423 Deorum
2014 393 2162 424 caelestium
2181 394 2285 428 fuerit,
2305 401 2337 422 ut
2354 401 2452 421 eorum

1325 438 1459 476 quispiam
1470 436 1515 465 vel
1528 434 1655 464 Annibali
1666 433 1718 462 διε.
1735 432 1780 461 vel
1794 431 1875 461 {iccio
1888 431 1979 460 Navio
1992 431 2125 461 cotificet.
2171 433 2186 468 [
2198 434 2236 461 An
2256 429 2418 460 Cotisecet‘?

1289 477 1311 507 C
1321 481 1338 506 ὃ
1347 486 1360 505 s
1369 486 1388 504 A
1397 498 1404 510 ,
1427 485 1457 504 ae.
1480 474 1498 502 f.
1521 472 1567 502 vel
1588 472 1609 501 C
1619 480 1676 500 oss
1685 481 1726 506 AE,
1739 469 1757 500 f.
1781 470 1819 508 pl.
1843 468 1914 498 Urbs
1925 469 2062 499 Hetruriae
2071 491 2078 504 ‚
2100 471 2175 507 apud
2183 470 2259 507 Virg.
2271 479 2314 498 10.
2323 468 2456 502 AEn.168.

1328 514 1359 543 V.
1388 524 1405 542 c
1413 523 1431 542 o
1441 523 1452 541 s
1461 522 1473 541 s
1483 522 1511 540 A.

1289 553 1311 583 C
1322 554 1360 581 os
1371 561 1406 586 A,
1427 550 1472 578 vel
1493 549 1558 578 Cos
1568 556 1586 575 A
1596 555 1608 575 s
1619 567 1627 579 ,
1649 555 1679 575 ae.
1702 555 1741 574 m.
1763 545 1866 580 [κῆ-ας
1878 544 1999 579 Strab.]
2022 543 2135 573 Flavius
2153 543 2192 573 est
2211 544 2240 573 in
2259 544 2355 578 Latio,
2376 543 2456 579 iuxta

1326 590 1408 619 urbes
1420 587 1597 617 Ferentinum
1609 585 1634 613 ἃ
1649 583 1825 612 Frufinonem
1837 581 2036 619 praeterlabens
2047 604 2056 616 ,
2077 582 2113 611 de
2130 591 2185 618 quo
2201 581 2291 611 Strab.
2307 581 2356 610 lib.
2371 591 2395 615 ς.

1290 628 1478 658 (ΞοεειΝυς
1490 647 1497 660 ,
1518 624 1536 653 i.
1558 632 1594 651 rn.
1617 620 1755 656 [Kamu'ae
1782 621 1897 655 Strab.]
1928 620 2078 657 Oppidum
2100 620 2240 658 Apamiae‚
2259 619 2291 649 in
2314 624 2458 649 conventu

1329 663 1498 694 Alabandico
1508 684 1516 697 ,
1537 667 1567 690 ut
1578 659 1689 688 testatur
1704 659 1770 688 Plin.
1785 658 1833 687 lib.
1848 669 1871 693 ς.
1887 668 1947 696 cap.
1961 667 2006 692 29.

1291 704 1313 733 C
1321 707 1338 733 ὃ
1349 712 1360 732 s
1371 713 1383 731 iz
1391 711 1409 730 Ν
1420 711 1439 730 τ
1449 712 1456 729 ι
1468 710 1486 729 A
1499 722 1506 732 .
1527 709 1558 728 ae.
1579 698 1598 726 f.
1620 696 1781 733 [κωπντὶοι]
1803 696 1906 726 Civitas
1920 696 1960 725 est
1973 694 2059 725 Italiae
2068 716 2077 731 ‚
2097 694 2271 724 Bruttiorum
2281 693 2458 733 metropolis,

1327 747 1359 770 ut
1369 741 1464 768 videre
1475 738 1512 767 est
1526 736 1602 774 apud
1610 735 1697 764 Strab.
1712 735 1759 764 lib.
1771 739 1796 764 6.
1819 735 1933 764 Rectius
1947 733 2077 762 scribitur
2090 732 2249 762 Consentia.
2271 743 2296 770 q.
2315 732 2348 762 V.

1292 780 1338 809 Co
1347 788 1359 807 s
1369 788 1384 806 a
1394 787 1412 806 N
1425 787 1441 805 u
1452 787 1472 806 M
1484 798 1492 811 ,
1512 776 1531 804 i.
1553 784 1580 803 n.
1603 773 1778 803 Mauritaniae
1787 772 1892 802 flumen
1902 794 1910 808 ,
1931 772 2010 808 Juxta
2022 771 2140 802 Getulos
2151 771 2295 802 Autololes
2305 792 2314 808 ‚
2334 776 2366 801 ut
2376 769 2462 800 refert

1330 816 1399 846 Plin.
1414 815 1462 844 lib.
1494 836 1501 843 .
1512 823 1544 843 ca
1567 835 1573 841 .
1589 821 1612 841 1.

1292 855 1314 885 C
1322 865 1338 883 o
1348 864 1359 884 s
1367 865 1388 883 M
1398 856 1414 882 ἓ
1424 862 1443 881 τ
1453 825 1490 887 Ας,
1512 823 1661 880 ae.pGraece
1674 845 1795 883 κοσμητῆς
1807 870 1815 883 ,
1837 847 1935 880 Latine
1949 847 2071 877 Ornator
2081 847 2136 877 five
2153 847 2278 877 ornatrix
2296 845 2461 884 interpreta-

1328 900 1377 921 tur.
1401 891 1538 928 Ulpianus
1554 888 1595 916 De
1605 887 1658 923 leg.
1671 896 1696 924 3.
1712 886 1730 916 l.
1749 886 1819 916 Item
1834 886 1926 924 legato
1937 907 1945 921 ,
1968 885 2038 915 Item
2049 886 2190 923 mancipia
2202 885 2255 915 alia
2266 907 2275 920 ‚
2295 884 2396 922 puellae
2405 884 2461 913 for-

1328 930 1417 962 taffis,
1439 938 1505 964 quas
1526 926 1575 956 fibi
1593 924 1728 955 cosmetas
1743 925 1874 955 mulieres
1888 930 2034 954 exornant.
2076 923 2242 961 Legitur&‚
2264 923 2336 961 Quae
2353 922 2460 952 scilicet

1328 968 1482 999 content&
1498 970 1644 995 exornent.
1687 962 1725 992 Al.
1749 963 1888 993 Comatas.
1930 962 2032 992 eomas
2047 961 2142 998 Cujac.
2162 961 2264 998 Juven.
2276 965 2303 992 ⁶.
2326 960 2460 998 Sat.476.

1562 1018 1599 1022 —
1610 1001 1692 1039 periit
1700 1001 1811 1030 libraria
1822 1024 1829 1037 ‚
1850 1007 1963 1039 ponunt

1411 1042 1548 1072 Cosmetae
1561 1040 1671 1070 tunicas
1684 1061 1692 1076 ,
1713 1039 1791 1068 tarde
1802 1038 1905 1069 venisse
1918 1038 2055 1067 Liburnus

1409 1081 1519 1110 Dicitur
1530 1101 1538 1114 ,
1561 1080 1613 1108 ἃς.
1710 1077 1821 1114 [Negat
1834 1085 1931 1107 tamen
1949 1075 2115 1106 Scholiastes
2133 1071 2156 1105 ’ὃ
2176 1075 2311 1105 Cosmetae
2330 1074 2385 1105 effe
2401 1074 2419 1104 s.
2433 1083 2462 1113 g.

1332 1119 1386 1150 Eos
1395 1118 1474 1155 dicit,
1485 1117 1586 1154 inquit,
1598 1116 1644 1154 qui
1655 1117 1826 1145 ornamentis
1836 1114 1974 1154 praesunt,
1995 1124 2054 1143 non
2065 1113 2225 1143 ornatrices.
2241 1113 2271 1142 in
2291 1112 2376 1143 Glofs.
2390 1113 2464 1143 Grae-

1332 1168 1366 1187 co
1386 1157 1443 1186 Lat.
1464 1155 1584 1190 Κοσμιίπις
1596 1176 1605 1190 ,
1634 1154 1866 1184 Ornamentarius
1877 1175 1885 1189 ,
1916 1153 2047 1182 Ornator.
2088 1152 2228 1185 Κοσμιίαξια
2253 1151 2397 1181 Ornatrix.
2434 1152 2462 1181 &

1332 1195 1432 1224 Latino
1449 1194 1494 1224 Gr.
1516 1193 1649 1222 Ornatrix
1664 1190 1807 1226 κοσμιίαξιοι.
1830 1191 1907 1229 apud
1929 1191 1993 1228 Ulp.
2011 1191 2082 1219 forte
2101 1189 2282 1220 scribendum
2301 1189 2392 1226 Queis
2410 1188 2463 1219 sibi

1334 1243 1428 1263 comas
1447 1234 1498 1262 ἃς.
1519 1230 1563 1260 vel
1575 1230 1652 1267 Quas
1662 1229 1711 1259 sibi
1723 1229 1883 1260 cosmetrias
1892 1228 2023 1259 mulieres
2032 1234 2160 1259 exorant.

1298 1272 1544 1305 CosMrANUM,
1572 1268 1602 1298 V.
1626 1277 1782 1298 cosMus.

1298 1311 1515 1343 CoSMicus,
1538 1306 1598 1342 Adj.
1620 1305 1652 1335 V.
1676 1315 1830 1335 cosmus.

1298 1348 1319 1378 C
1327 1358 1344 1377 o
1352 1357 1363 1377 s
1372 1358 1393 1376 M
1405 1358 1413 1375 1
1423 1357 1442 1375 τ
1450 1356 1470 1375 T
1478 1356 1495 1375 o
1506 1368 1514 1381 ,
1535 1355 1586 1382 pro
1604 1344 1760 1374 Committo
1768 1350 1875 1374 veteres
1884 1343 1983 1373 dixere
1994 1365 2003 1377 ,
2025 1342 2093 1373 teste
2105 1342 2194 1372 Festo.

1297 1386 1320 1416 C
1328 1396 1344 1414 o
1355 1396 1367 1415 s
1376 1396 1396 1413 Μ
1406 1395 1422 1413 o
1431 1394 1449 1413 o
1458 1394 1472 1412 a
1482 1394 1501 1412 A
1511 1393 1526 1412 Ρ
1535 1392 1555 1411 H
1565 1394 1573 1411 i
1584 1392 1602 1411 A
1616 1405 1624 1418 ,
1644 1392 1676 1411 ae.
1698 1382 1716 1411 f.
1738 1381 1966 1418 [κοσμογρφφιὶι]
1987 1380 2090 1411 Mundi
2102 1379 2260 1418 descriptio.
2300 1378 2403 1409 Differt
2414 1388 2463 1409 au-

1334 1430 1392 1452 tem
1404 1433 1418 1452 a
1430 1420 1603 1459 Geographia
1613 1443 1622 1457 ‚
1641 1426 1776 1457 tanquam
1790 1426 1882 1449 totum
1893 1429 1909 1449 a
1918 1425 2005 1457 parte.
2027 1419 2187 1457 Geographi
2202 1418 2278 1447 enim
2289 1417 2374 1447 solius
2384 1423 2464 1447 terrae

1335 1462 1415 1491 situm
1426 1459 1602 1493 describunt,
1622 1457 1828 1496 praecipuasque
1839 1458 1898 1493 ejus
1906 1457 2036 1494 regiones
2045 1456 2210 1486 fluminibus
2225 1457 2251 1485 ἃ
2260 1456 2405 1484 montibus
2422 1457 2466 1485 di-

1334 1500 1485 1536 stinguunt.
1525 1496 1726 1535 Cosmographi
1742 1502 1835 1525 autem
1854 1496 1954 1524 mundi
1977 1496 2063 1525 totius
2086 1502 2143 1524 tam
2165 1493 2357 1529 elementaris,
2378 1503 2464 1530 quam

1337 1537 1442 1567 aetherii
1453 1536 1644 1571 cognitionem
1656 1534 1817 1570 inquirunt,
1839 1540 1974 1571 terraeque
1984 1533 2065 1562 situm
2078 1542 2137 1562 non
2146 1532 2239 1564 fluviis
2251 1537 2299 1562 aut
2307 1532 2464 1568 montibus,

1337 1575 1384 1605 sed
1395 1574 1546 1604 caelestibus
1556 1572 1669 1602 circulis
1680 1572 1880 1601 discriminant.

1301 1614 1348 1645 Co
1356 1624 1367 1643 s
1376 1624 1397 1642 Μ
1407 1622 1424 1641 o
1434 1622 1452 1641 G
1460 1622 1477 1640 a
1488 1622 1507 1640 A
1516 1621 1530 1639 P
1540 1621 1560 1640 ir
1571 1621 1588 1640 u
1596 1620 1609 1640 s
1618 1632 1626 1645 ‚
1647 1611 1664 1639 i.
1687 1620 1725 1640 m.
1747 1608 1973 1646 [xocpcoxdv&]
1994 1607 2154 1644 Descriptor
2161 1607 2282 1645 mundi·,
2306 1607 2385 1638 Meis.
2397 1607 2464 1637 Cor-

1336 1653 1392 1681 vin.
1407 1661 1434 1688 p.
1449 1660 1472 1679 1.
1493 1649 1585 1679 Totus
1592 1655 1726 1678 terrarum
1738 1648 1860 1678 ambitus
1871 1647 1907 1678 ab
1921 1646 2067 1677 Historicis
2084 1648 2110 1677 δι
2128 1646 2341 1685 Cosmographis
2360 1645 2465 1676 trifarie

1338 1689 1479 1718 dividitur.
1848 1708 1853 1718 .-

1302 1728 1324 1759 C
1334 1738 1351 1757 o
1360 1737 1372 1756 s
1381 1738 1401 1756 Μ
1409 1736 1425 1755 o
1437 1735 1456 1754 'r
1466 1726 1483 1754 6
1492 1735 1507 1753 a
1516 1734 1537 1754 Y
1546 1734 1567 1754 Ν
1574 1733 1590 1754 s
1601 1746 1610 1761 ‚
1630 1722 1841 1761 [xoenswebvn]
1860 1723 1988 1761 Eleganti
2006 1723 2123 1752 nomine
2136 1721 2269 1751 Varronis
2284 1721 2378 1760 Satyra
2395 1731 2469 1759 quae-

1339 1766 1403 1794 darn
1414 1762 1629 1798 inscribebatur,
1651 1759 1707 1792 (6:‘2'32
1719 1763 1812 1798 φθυερῖε
1829 1763 1919 1796 ndreae.
1964 1761 2001 1790 Ut
2020 1761 2097 1790 enirn
2113 1759 2273 1796 cochleari,
2293 1760 2372 1797 quod
2387 1757 2468 1797 wgbm

1340 1803 1434 1833 Graece
1447 1803 1549 1830 dicitur
1558 1823 1566 1836 ,
1587 1801 1720 1830 omniain
1732 1800 1788 1829 olla
1799 1798 2016 1830 commiscentur
2026 1800 2051 1828 &
2060 1798 2291 1828 confunduntur:
2312 1797 2350 1828 sic
2359 1797 2470 1836 elegati-

1338 1849 1381 1872 ter
1391 1840 1489 1870 mundi
1499 1839 1643 1868 interitum
1653 1839 1753 1869 mundi
1772 1838 1904 1868 cochlear
1921 1836 2092 1875 appellavit,
2114 1837 2151 1866 ob
2167 1837 2407 1874 perturbationem
2425 1845 2470 1866 re-

1339 1889 1401 1948 qum
1415 1878 1599 1945 inbantiquum
1609 1877 1695 1907 chaos
1710 1883 1771 1907 tum
1789 1877 1977 1907 rediturarum
1987 1896 1996 1911 ‚
2018 1877 2045 1905 ἃ
2055 1875 2086 1904 in
2102 1875 2296 1905 confusionem
2312 1875 2466 1913 pristinam.

1368 1927 1434 1947 urne
1457 1926 1488 1946 us
1505 1925 1515 1945 1
1541 1925 1605 1945 .21.

1305 1956 1327 1987 C
1337 1966 1354 1985 o
1363 1966 1374 1985 s
1385 1967 1405 1984 M
1418 1965 1436 1984 u
1444 1965 1456 1984 s
1468 1976 1476 1990 ‚
1498 1925 1574 1983 i.7m.
1597 1952 1752 1989 [κόσμῶ]
1772 1951 1872 1982 Latine
1883 1951 1986 1981 dicitur
1995 1949 2118 1981 Ornatus
2128 1973 2137 1986 ,
2158 1961 2216 1989 quo
2226 1950 2344 1980 nomine
2354 1955 2471 1980 vocatus

1339 1994 1379 2024 est
1388 1993 1523 2023 Mundus.
1560 1991 1618 2021 Cic.
1631 1991 1667 2020 de
1679 1991 1801 2020 Univers.
1815 1999 1858 2026 ³¹-
1880 1989 1965 2020 Hunc
1979 1990 2111 2019 varietate
2122 1989 2283 2019 distinctum
2302 1989 2374 2018 bene
2381 1988 2471 2018 Graeci

1339 2034 1429 2099 „Vbi-,Qu
1443 2053 1450 2067 ‚
1471 2039 1524 2059 nos
1545 2029 1688 2059 lucentem
1707 2029 1849 2059 mundum
1867 2028 2086 2058 nominavimus.
2115 2028 2161 2058 Sic
2176 2026 2245 2057 Plin.
2258 2026 2308 2056 lib.
2318 2036 2345 2057 2.
2364 2036 2425 2065 cap.
2437 2038 2467 2063 4.

1365 2077 1562 2099 ‚MUNDU&

1302 2108 1325 2138 C
1335 2117 1372 2138 os
1382 2108 1445 2137 Μῑο
1455 2116 1472 2135 υ
1481 2115 1494 2136 s
1506 2128 1513 2140 ,
1535 2115 1551 2135 a
1563 2127 1571 2141 ,
1592 2114 1649 2135 um.
1671 2101 1839 2142 [κοσμικὲς]
1860 2104 1921 2137 Adi.
1942 2104 1961 2134 i.
1972 2113 1998 2134 e.
2020 2103 2194 2134 Mundanus.
2214 2101 2469 2140 Martia101ib.7.41.

1418 2144 1559 2174 Cosmicos
1570 2143 1623 2173 effe
1631 2143 1698 2178 tibi,
1720 2143 1872 2180 Semproni
1884 2142 1997 2177 Tucca,
2017 2142 2120 2172 videris
2133 2151 2141 2171 z

1463 2181 1590 2211 Cosmica
1600 2182 1748 2219 Semproni
1756 2187 1813 2210 tam
1824 2180 1896 2210 mala
1905 2190 1988 2218 quam
1999 2179 2073 2209 bona
2085 2179 2156 2208 sunt.

1304 2221 1352 2252 Co
1363 2230 1466 2254 sMus.
1488 2220 1505 2250 i.
1528 2229 1565 2249 m.
1589 2219 1743 2256 [κόσμῶυ]
1763 2219 1969 2255 Unguentarius
1979 2218 2034 2248 fuit
2056 2218 2181 2256 optimus
2191 2239 2200 2254 ,
2220 2226 2236 2246 a
2254 2226 2310 2255 quo
2323 2215 2469 2247 Cosmiana

1342 2264 1483 2297 unguenta
1493 2258 1567 2287 dieta
1576 2257 1648 2287 sunt.
1670 2256 1813 2292 ,luvenalis
1824 2262 1849 2291 8.
1867 2257 1923 2286 Sat.
1936 2260 1982 2290 8⁶-

1580 2310 1618 2315 --
1633 2296 1659 2325 δι
1675 2294 1915 2332 Cosmimergatur
1925 2294 2028 2324 aheno.

1341 2333 1457 2364 Cosmus
1468 2355 1477 2369 ‚
1496 2333 1565 2371 proi
1589 2332 1616 2362 so
1627 2338 1773 2370 unguento
1782 2332 1936 2370 aliquando
1947 2333 2072 2370 ponitur.
2167 2330 2288 2361 Martial.
2301 2329 2351 2359 lib.
2366 2339 2378 2359 1
2386 2339 2409 2359 r.
2425 2339 2453 2366 9.

1422 2372 1508 2408 Quod
1518 2371 1558 2400 Co
1572 2372 1609 2400 mi
1619 2371 1748 2400 redolent
1757 2370 1905 2406 alabastra,
1927 2370 2039 2408 focique
2051 2370 2177 2399 deorum.
2260 2368 2373 2398 Rectius
2383 2368 2472 2397 immo

1342 2409 1563 2447 Unguentarium
1574 2409 1664 2447 ipsum
1678 2408 1851 2438 intellexeris
1861 2431 1869 2443 ‚
1890 2418 1949 2438 non
1966 2408 2157 2445 Unguentum.

1305 2446 1353 2477 Co
1363 2458 1375 2477 s
1387 2459 1423 2476 Mi
1434 2458 1452 2476 A
1462 2457 1481 2476 Ν
1492 2458 1557 2482 υΜ,
1579 2449 1597 2476 i.
1619 2457 1646 2476 n.
1669 2447 1851 2484 Unguentum
1865 2447 1960 2484 magni
1971 2447 2072 2484 pretii:
2094 2446 2129 2474 fic
2149 2445 2260 2474 dictum*
2274 2453 2289 2473 a
2310 2443 2413 2473 Cosmo
2425 2451 2474 2472 ex-

1343 2485 1457 2515 cellenti
1478 2486 1673 2523 unguentario.
1714 2486 1824 2515 Petron.
1844 2485 1941 2522 fragm.
1956 2494 1986 2523 p.
2003 2488 2069 2521 674.
2107 2482 2182 2513 Affer
2206 2482 2289 2513 nobis
2308 2481 2476 2513 alabastrum

1343 2522 1486 2553 cosmiani,
1529 2523 1567 2552 Al.
1589 2523 1779 2553 Cosmianum.

1342 2560 1424 2590 Libra
1435 2561 1575 2590 cosmiani,
1599 2560 1719 2590 Martial.
1736 2561 1785 2590 lib.
1805 2569 1848 2590 12.
1866 2571 1910 2596 55.

1423 2600 1475 2628 Aut
1486 2599 1584 2628 libram
1600 2599 1673 2637 petit
1683 2599 1731 2629 illa
1742 2598 1893 2634 cosmiani,
1921 2598 1974 2627 διο.

1305 2638 1328 2667 C
1338 2647 1355 2666 o
1363 2646 1375 2666 s
1385 2646 1402 2665 o
1413 2647 1429 2666 A
1440 2647 1459 2666 e
1469 2647 1486 2665 υ
1495 2647 1506 2666 s
1517 2658 1525 2671 ‚
1548 2639 1566 2666 i.
1588 2647 1626 2667 m.
1649 2637 1668 2666 F
1670 2637 1762 2667 luvius
1771 2637 1809 2667 est
1818 2635 1986 2674 navigabilis
1996 2657 2006 2672 ‚
2026 2634 2058 2665 in
2077 2634 2204 2673 Gangem
2214 2634 2336 2665 influens
2349 2655 2359 2670 ,
2380 2633 2475 2664 aueto-

1343 2684 1372 2704 re
1386 2674 1452 2704 Plin.
1463 2675 1502 2704 lib
1523 2679 1548 2704 6.
1563 2684 1624 2713 cap.
1641 2680 1684 2709 18.
2235 2698 2238 2699 .

1306 2713 1356 2743 Co
1368 2722 1482 2742 saoas.
1524 2712 1556 2742 V.
1577 2722 1721 2742 cnosso
1733 2721 1775 2742 as.

1306 2751 1443 2786 Cossa,
1464 2760 1494 2779 ae.
1515 2750 1534 2780 f.
1558 2750 1685 2786 [κείω-οι]
1706 2750 1830 2780 Unibriae
1851 2749 2009 2788 oppidum,
2030 2754 2062 2779 ut
2080 2747 2174 2778 scribit
2198 2746 2266 2777 Plin.
2283 2756 2345 2785 cap.
2364 2757 2389 2780 ς.
2409 2745 2474 2776 libri

1342 2788 1425 2818 tertii.
1465 2787 1636 2818 Orbitellum
1649 2788 1744 2818 hodie.
1767 2788 1850 2825 vulgo
1869 2787 1996 2817 orbitello.
2036 2787 2126 2818 Testis
2142 2785 2283 2816 Olivarius
2301 2786 2331 2814 in
2351 2784 2469 2815 Melam.

1344 2826 1419 2856 conf.
1441 2835 1458 2854 c
1468 2836 1485 2855 o
1494 2836 1506 2854 s
1516 2836 1544 2856 A.
1588 2827 1658 2856 Nam
1669 2833 1790 2863 utroque
1802 2826 1888 2855 modo
1900 2825 2034 2854 scribitur.

1306 2863 1463 2899 Cossfflr,
1484 2874 1574 2894 orum.
1597 2873 1634 2894 m.
1658 2864 1810 2900 [κοωῶοι]
1831 2863 1930 2901 Populi
1950 2868 2033 2893 erant
2056 2861 2207 2897 montani,
2228 2861 2375 2891 latrocinia
2397 2870 2476 2890 exer-

1343 2909 1439 2931 centes
1448 2923 1456 2936 ,
1477 2903 1525 2940 qui
1537 2911 1622 2939 quum
1635 2902 1704 2931 olim
1720 2900 1866 2931 adversum
1879 2901 1971 2930 Sufios
1991 2902 2016 2931 &
2027 2900 2198 2938 Babylonios
2211 2899 2397 2938 Elymaeorum
2409 2898 2477 2928 socii

1343 2939 1430 2969 effen:
1439 2961 1448 2974 ,
1468 2939 1670 2977 sagittariorum
1685 2940 1821 2969 tredecim
1832 2939 1920 2968 millia
1931 2938 2112 2968 exhibebant.
2136 2938 2245 2967 Horum
2255 2937 2402 2966 audaciam
2415 2937 2477 2966 Ale.

1342 2979 1448 3007 xander
1460 2979 1607 3014 contudit,
1628 2978 1722 3008 hieme
1738 2987 1787 3008 eos
1796 2977 1920 3007 adortus.
1961 2977 2002 3007 Ex
2017 2976 2105 3007 Strab.
2126 2975 2175 3006 lib.
2190 2985 2233 3005 11.
2251 2977 2278 3006 δι
2295 2975 2365 3005 Plin.
2377 2974 2425 3004 lib.
2442 2978 2470 3004 6.

1344 3026 1376 3045 Cd
1401 3038 1406 3045 .
1420 3025 1434 3044 2
1458 3038 1464 3045 .
2312 3028 2317 3044 ¹.

1309 3053 1331 3083 C
1340 3063 1356 3083 o
1364 3025 1398 3083 si}
1408 3063 1421 3082 iz
1431 3025 1477 3082 ’ΖΛ
1486 3063 1505 3082 Ν
1515 3064 1524 3082 ι
1532 3063 1552 3082 A
1563 3076 1570 3088 ,
1592 3063 1623 3083 ae.
1646 3054 1665 3084 f.
1686 3053 1775 3092 Regio
1786 3052 1924 3093 Hispaniae
1935 3053 2081 3089 citerioris,
2093 3052 2129 3082 de
2139 3061 2194 3089 qua
2204 3050 2274 3080 Plin.
2284 3050 2333 3081 lib.
2345 3059 2370 3088 3.
2381 3060 2442 3089 cap.
2450 3059 2475 3082 1.

1308 3091 1400 3122 Coss
1412 3101 1523 3121 rosso
1534 3114 1542 3128 ,
1562 3095 1617 3123 are.
1639 3092 1672 3123 In
1698 3091 1800 3122 cossam
1817 3092 1862 3122 vel
1882 3102 1984 3122 coxam
2002 3100 2129 3129 aggerare
2150 3090 2177 3120 ἃ
2198 3089 2335 3119 attollere.
2377 3090 2476 3118 Accius

1345 3129 1563 3197 apssdfflmi‘s’m
1574 3142 1596 3160 i.
1609 3139 1672 3167 305·
1693 3131 1770 3160 Bene
1780 3130 1911 3169 prociss‘as
1921 3130 2084 3172 cpffigerare
2100 3128 2202 3158 ordine
2212 3137 2321 3166 porcas.
2353 3126 2387 3157 V.
2408 3127 2481 3157 Tur-

1346 3178 1382 3197 ne
1407 3191 1412 3197 .
1468 3178 1513 3197 ver
1528 3192 1532 3197 .
1547 3178 1561 3197 2
1586 3192 1591 3198 .
1605 3179 1614 3197 r
1641 3192 1647 3198 .

1310 3205 1358 3236 Co
1368 3216 1380 3235 s
1390 3216 1419 3235 si
1430 3216 1450 3235 M
1465 3227 1473 3240 ,
1496 3179 1691 3236 Adv.9di<i2tum
1703 3206 1776 3243 quali
1789 3194 2060 3244 Coxim’Pompon.
2084 3204 2206 3234 Percaria
2215 3225 2223 3239 ,
2245 3203 2309 3233 Hoc
2320 3202 2410 3233 sciunt
2419 3211 2479 3232 om-

1347 3253 1414 3278 nes,
1436 3251 1571 3281 quantum
1583 3244 1622 3274 est
1633 3245 1679 3280 qui
1694 3243 1790 3273 cossim
1799 3250 1905 3274 cacant.
1928 3243 2030 3273 Festus.
2053 3242 2086 3272 Et
2101 3242 2182 3280 Apul.
2193 3250 2218 3277 3.
2231 3241 2321 3271 Miles.
2334 3250 2375 3278 pr.
2396 3240 2480 3269 Com-

1348 3282 1454 3320 plicitis
1465 3282 1586 3319 denique
1597 3282 1727 3320 pedibus,
1739 3291 1772 3311 ac
1786 3282 1928 3319 palmulis,
1945 3282 2017 3310 inter
2025 3280 2145 3310 alternas
2156 3280 2307 3318 digitorum
2317 3277 2481 3308 vicissitudi-

1349 3330 1399 3348 nes
1410 3319 1489 3357 super
1498 3329 1587 3356 genua
1598 3320 1745 3354 connexis,
1774 3319 1808 3349 sic
1819 3319 1962 3357 grabatum
1972 3317 2068 3348 cossim
2078 3318 2199 3348 insidens
2208 3339 2215 3350 ,
2237 3318 2357 3347 ubertim
2363 3315 2477 3346 flebam.

1312 3357 1335 3388 C
1345 3367 1381 3387 os
1391 3367 1402 3386 s
1412 3368 1420 3385 ι
1432 3367 1450 3385 Ν
1462 3368 1479 3385 υ
1489 3367 1501 3386 s
1512 3379 1520 3392 ,
1543 3359 1559 3386 i.
1583 3368 1619 3386 m.
1643 3358 1730 3395 Eques
1745 3357 1904 3393 Romanus,
1925 3357 2049 3386 amicitia
2073 3356 2194 3386 Neronis
2214 3355 2349 3394 principis
2368 3360 2451 3382 notus
2465 3375 2476 3389 ,

1350 3404 1432 3432 quern
1444 3405 1529 3432 quum
1542 3395 1653 3425 lichene
1664 3403 1809 3433 correptus
1821 3394 1888 3425 effet
1899 3417 1907 3430 ‚
1929 3401 2043 3424 vocatus
2055 3404 2090 3423 ex
2103 3394 2222 3432 AEgypto
2242 3393 2367 3422 medicus
2381 3401 2397 3421 a
2417 3391 2479 3420 Cae-

1350 3434 1405 3476 sare
1420 3432 1454 3461 ob
1468 3433 1539 3462 lianc
1550 3433 1738 3463 valetudinem
1749 3434 1810 3469 ejus
1822 3455 1829 3467 ,
1851 3442 1937 3470 quum
1948 3432 2143 3462 cantharidum
2154 3438 2253 3470 potum
2266 3439 2420 3468 praeparare
2431 3438 2482 3459 vo-

1350 3470 1458 3505 luisset,
1480 3471 1628 3500 interemit.
1653 3472 1692 3500 Ex
1708 3471 1773 3500 Plin.
1791 3470 1839 3500 lib.
1853 3480 1897 3505 29.
1909 3480 1970 3506 cap.
1983 3481 2010 3505 4.
2022 3478 2091 3499 extr.

1314 3508 1336 3538 C
1344 3519 1361 3538 Ο
1370 3518 1381 3537 S
1392 3518 1403 3537 S
1413 3518 1428 3536 U
1440 3518 1452 3537 S
1463 3530 1470 3541 η
1487 3509 1503 3536 i·
1521 3518 1557 3538 m.
1574 3506 1726 3545 [Κέω-Θ]
1742 3508 1886 3539 Tribunus
1896 3508 2023 3537 militaris
2038 3507 2102 3541 fuit.
2114 3507 2161 3545 qui
2175 3505 2284 3535 Lartem
2294 3505 2482 3535 Tolumnium

1349 3546 1441 3614 iIiEloco
1452 3546 1559 3576 dicium
1570 3546 1674 3576 occidit
1686 3556 1694 3576 :
1717 3548 1744 3576 ἃ
1755 3547 1852 3585 opima
1863 3545 1951 3585 spolia
1965 3546 2116 3588 revocavit.
2138 3545 2205 3574 Haec
2219 3543 2340 3574 Servius.
2364 3543 2436 3581 Virg.
2453 3547 2481 3573 6.

1385 3594 1410 3613 n.
1426 3589 1490 3619 84¹·

1392 3622 1464 3658 Quis
1474 3629 1511 3656 te,
1528 3631 1629 3657 magne
1640 3622 1720 3658 Cato,
1734 3621 1861 3658 tacitum,
1883 3627 1981 3657 autre,
1998 3620 2089 3658 Coffe,
2101 3620 2262 3656 relinquat?

1352 3668 1490 3688 Νκιιυε
1514 3659 1619 3689 Cossus.

1314 3696 1401 3740 Cioss
1412 3707 1428 3725 υ
1438 3706 1450 3725 s
1460 3719 1468 3730 ,
1489 3697 1507 3726 i.
1529 3707 1565 3726 m.
1588 3691 1731 3733 [πςηδὶὶν]
1754 3696 1859 3726 Vermis
1867 3697 1913 3735 qui
1924 3697 1954 3726 in
1967 3696 2044 3735 ligno
2057 3694 2184 3725 nascitur.
2226 3695 2308 3732 Apud
2322 3693 2440 3731 Phryges
2456 3694 2484 3723 ἃ

1351 3744 1381 3763 in
1394 3735 1480 3763 Ponto
1495 3744 1545 3771 pro
1555 3735 1753 3764 delicatissimis
1764 3735 1833 3764 cibis
1849 3734 1972 3764 sumitur.
2014 3734 2083 3765 Plin.
2096 3732 2144 3762 lib.
2159 3742 2199 3768 17.
2215 3742 2276 3769 cap.
2288 3742 2332 3767 24.
2352 3732 2413 3768 Jarn
2426 3731 2486 3767 qui-

1351 3773 1415 3801 dem
1432 3773 1458 3801 &
1474 3773 1501 3801 in
1516 3772 1571 3802 hoc
1594 3772 1702 3802 luxuria
1723 3773 1778 3802 esse
1795 3773 1899 3810 coepit,
1921 3770 2149 3810 praegrandesque
2161 3770 2301 3800 'roborum
2323 3769 2488 3799 delicatiore

1351 3809 1413 3875 sulnt
1426 3810 1457 3876 siin
1467 3810 1531 3839 cibo
1553 3810 1665 3846 (corsos
1681 3817 1787 3840 vocant
1800 3812 1812 3847 )
1832 3817 1914 3848 atque
1925 3811 2010 3840 etiarn
2023 3808 2111 3839 farina
2128 3808 2263 3846 saginati,
2284 3809 2313 3838 hi
2327 3816 2438 3846 quoque
2447 3806 2486 3836 al-

1352 3854 1371 3875 ti
1385 3857 1414 3876 ΕΞ
1445 3855 1505 3876 unt.

1351 3885 1425 3917 Colli
1445 3885 1684 3923 (inquitFestus)
1703 3886 1738 3916 ab
1748 3886 1870 3924 antiquis
1881 3885 2048 3917 dicebantur
2057 3883 2162 3923 Rugosi
2180 3890 2279 3915 natura
2297 3882 2422 3926 corporis
2438 3881 2489 3911 ho.

2382 3929 2490 3958 mines,

2344 3618 2378 3648 V.
2402 3627 2484 3648 cor..
