2600 4177
449 112 477 146 C
576 108 603 145 E
699 110 735 147 N

65 192 145 226 beat.
167 192 219 222 si've
229 194 342 222 crudam
358 192 485 222 sumere.-
499 192 529 222 V.
552 191 671 222 Plinium
683 193 795 222 abunde
809 193 845 222 de
858 203 890 222 ea
901 195 1064 223 tractantem
1079 192 1126 226 lib.
1138 196 1184 226 2'2.

65 239 96 258 ca
121 236 163 263 .8.

31 264 55 297 'C
65 277 77 295 a
87 240 134 294 Npr·
144 277 161 295 υ
172 277 192 295 Μ
202 277 215 295 Ρ
225 277 239 295 Ε
249 277 264 295 R
274 275 292 294 A
302 276 321 293 Ν
331 277 344 295 Ε
356 277 374 295 A
395 267 485 296 Insula
495 289 502 301 ,
524 267 639 296 Parvum
657 267 741 296 ltaliae
752 268 888 305 oppidum
900 291 908 299 .
930 269 963 297 ab
974 270 1051 305 aquis
1061 269 1187 305 undique

69 304 328 333 circumfluentibus
339 305 375 333 sic
386 305 570 334 nominatum.
613 307 633 334 A
645 315 700 342 quo
712 308 736 335 ἃ
748 306 851 334 familia
865 307 1037 336 Perottorum
1048 308 1130 336 traxit
1141 316 1189 335 co-

18 346 20 370 l
67 348 198 377 gnomen.
221 341 321 370 Perott.

17 377 57 413 1‘C
66 389 80 407 13
88 388 107 407 N
117 388 135 406 'r
145 388 162 414 u
172 389 192 406 M
201 388 214 406 P
224 388 241 406 o
250 388 270 406 N
282 389 299 406 n
309 389 318 406 1
329 389 347 407 υ
356 389 377 407 Μ
385 401 393 414 ,
415 379 624 415 [ixoevo'fflw']
645 391 695 418 pro
707 381 824 410 immani
837 381 962 418 pondere
974 381 1080 416 legitur.
1102 381 1188 411 etiam

18 416 19 454 l
70 414 88 444 fi
99 423 210 444 centurn
224 416 321 452 pondo
333 417 460 446 excedat.
499 417 585 446 Plaut.
602 418 669 447 r'lsin.
681 429 706 447 2.
722 429 746 447 2.
761 429 804 454 37.
829 420 867 448 Ad
881 419 966 453 pedes
975 420 1087 456 quando
1097 419 1190 455 alliga—-

18 460 19 474 ³
70 455 115 483 tus
134 462 163 482 es
183 462 292 489 aequum
312 455 574 491 centumpondium.
615 457 684 485 Cato
699 466 751 492 cap
777 466 816 491 ¹3-
839 457 928 486 Cellas
947 458 1014 486 duas
1028 479 1036 493 ‚
1057 457 1189 486 trutinam

70 500 153 520 unam
165 512 172 524 ⁷
194 492 447 526 centumpondium
458 494 604 522 incertum.
642 494 804 530 Significare
824 495 932 523 videtur
950 495 1108 529 Praerzrande
1120 504 1192 532 pon-

71 528 124 561 dus
138 528 235 557 incerti
247 530 324 557 modi
341 539 355 558 a
366 530 534 559 Centenario
544 530 769 561 denominatum.
795 532 919 561 Budaeus.
964 533 1012 561 Alii
1028 533 1121 561 aliter:
1144 532 1191 561 Sic

70 567 145 595 enim
159 565 280 595 Turneb.
323 567 582 605 Centumpondium
597 570 736 598 incertum
748 591 756 604 ,
782 569 899 598 Pondus·
907 569 1026 607 suspicor
1046 580 1101 599 una
1115 570 1191 598 mole

71 611 183 632 centurn
196 603 277 633 libras
288 605 430 642 pendens:
452 606 539 635 Certis
547 607 719 644 ponderibus
728 608 880 645 opponitur
891 630 898 640 ,
920 618 980 644 qute
992 608 1119 637 distincia
1132 617 1192 645 par-

69 641 176 676 titaque
188 640 266 675 sunt.
291 652 348 670 non
361 643 388 671 in
401 652 488 672 unuin
506 645 617 681 pondus
639 645 760 674 confusa.
802 646 920 681 JEquum
935 646 1191 682 centumpondiurn

68 679 147 716 apud
159 678 243 708 Plaut.
257 680 284 708 in
298 680 415 710 Asinaria
426 703 433 715 ,
456 682 576 719 AEquum
593 683 631 711 est
643 684 668 712 ἃ
685 683 785 718 justum
797 690 910 712 centum
924 683 1053 712 librarum
1068 683 1189 720 pondus.

71 712 138 746 Haee
150 716 206 745 ille.
235 717 369 746 Scribitur
380 725 473 748 autem
482 719 567 748 hodie
580 720 808 757 Centupondium
821 742 828 753 ,
851 730 908 749 non
919 721 1190 759 Centumpondium.

37 754 108 785 Cam
118 763 138 782 τ
147 764 163 782 υ
174 765 193 782 Μ
203 764 218 783 ν
229 756 240 783 i
251 765 283 783 iri
296 777 303 789 ,
326 755 478 793 pluraliter.
519 758 615 794 Quum
631 758 717 787 essent
739 758 835 787 Ronize
855 768 868 786 x
879 768 895 786 x
906 768 921 787 x
932 769 948 783 v
964 760 1050 788 tribus
1061 780 1069 794 ‚
1092 769 1152 795 quae
1165 760 1193 788 δε

71 791 152 822 curiae
166 791 228 820 sunt
242 793 323 822 dielae
337 815 345 829 ‚
366 796 437 823 terni
449 805 484 824 ex
497 794 608 832 lingulis
620 796 744 825 tribubus
764 796 826 824 sunt
837 796 917 825 eiecti
933 798 967 825 ad
986 797 1169 833 judicandum
1182 816 1192 831 ‚

0 845 3 858 v
71 830 116 867 qui
129 829 300 858 Centumviri
311 832 441 869 appellati
454 832 524 862 sunt.
548 834 650 862 &licet
660 835 783 870 quinque
790 833 909 870 amplius
919 845 999 869 quain
1012 840 1124 864 centum
1134 834 1195 863 fue-

68 868 125 912 grint
137 889 145 901 ,
168 873 261 896 tamen
271 878 326 905 quo
339 871 446 900 facilius
461 872 671 901 nominarentur
685 894 692 905 ‚
713 872 887 900 Centumviri
902 871 963 901 sunt
979 873 1055 902 dicii.
1091 872 1190 901 Festus.

70 905 128 934 Cic.
148 915 198 942 pro
211 906 312 935 Caecin.
331 917 372 942 53.
396 909 428 937 Et
438 909 492 937 hoc
506 909 569 937 loco
583 909 734 938 Scaevolam
750 910 841 938 dixisti
855 910 962 939 causam
974 911 1050 949 apud
1061 910 1195 940 Centum-

70 943 142 971 viros
154 952 208 971 non
222 944 352 974 tenuisse:
375 956 457 982 quem
471 956 522 983 ego
531 954 612 976 antea
621 957 678 975 non
689 949 915 977 commemoravi.

55 980 112 1010 ,iad
122 980 320 1023 Centumviros
329 984 419 1012 delata
435 993 484 1013 res.
508 985 566 1014 Cic.
583 995 603 1014 1.
622 986 658 1013 de
666 985 741 1014 Orat.
759 994 818 1020 ¹75-

70 1018 148 1054 Quid
160 1028 212 1054 qua
222 1019 257 1048 de
267 1030 296 1049 re
306 1021 378 1050 inter
391 1022 540 1051 Marcellos
559 1024 586 1052 <Sc
602 1023 735 1052 Claudios
746 1024 877 1060 patricios
898 1024 1073 1053 Centumviri
1087 1023 1194 1060 judica«

35 1089 48 1096 ,.
85 1057 177 1085 runt?
198 1056 256 1086 Cic.
278 1068 298 1086 i.
314 1059 349 1087 de
360 1059 436 1089 Orat.
455 1065 513 1095 176.

33 1094 134 1125 CRNT
144 1104 161 1122 υ
171 1104 259 1123 Mv1r<
270 1099 287 1124 Ᾰ
297 1106 352 1126 Lis
364 1120 372 1131 ,
393 1107 417 1126 e.
440 1099 473 1133 [ὁ
495 1099 539 1125 τᾶν
555 1098 664 1133 ἑκατὸν]
686 1098 771 1135 Quod
788 1099 909 1136 pertinet
927 1099 962 1128 ad
986 1099 1193 1129 Centumviros.

55 1138 119 1166 -ut,
139 1131 346 1163 centumvirale
357 1136 501 1169 judicium.
543 1136 602 1165 Cic.
623 1146 645 1165 i.
662 1136 697 1165 de
709 1137 786 1166 Orat.
802 1146 862 1174 ¹7²-
885 1137 962 1174 Quid
979 1138 1054 1174 quod
1075 1138 1143 1166 item
1166 1137 1195 1165 in

71 1169 269 1200 centumvirali
283 1173 388 1207 judicio
398 1181 530 1203 certatum
542 1176 701 1211 accepimus
711 1176 724 1202 ²?

70 1207 290 1239 Centumvirales
301 1211 406 1246 causae,
429 1211 472 1240 vel
484 1212 598 1247 judicia.
640 1213 697 1241 Cic.
710 1212 758 1241 lib.
777 1222 798 1241 r.
812 1213 847 1242 de
860 1212 936 1242 Orat.
954 1222 1013 1249 ¹7³·
1036 1213 1108 1242 Nam
1126 1212 1195 1241 voli-

87 1252 145 1275 tare
157 1246 185 1274 in
197 1246 258 1275 foro
273 1270 281 1281 ,
302 1249 403 1278 hrerere
413 1249 440 1277 in
451 1251 512 1284 jure
522 1272 530 1285 ‚
550 1260 582 1279 ac
597 1250 744 1279 Praetorum
755 1250 941 1281 tribunalibus
952 1273 960 1286 ‚
982 1251 1087 1286 judicia
1103 1251 1194 1289 priva=

89 1289 119 1312 ta
129 1293 290 1320 magnarum
302 1296 392 1316 rerum
405 1287 482 1316 obire
491 1309 499 1322 ,
525 1289 552 1316 in
563 1288 662 1324 quibus
674 1288 744 1326 saepe
758 1299 814 1317 non
825 1289 860 1316 de
871 1289 955 1324 facto,
977 1289 1024 1318 sed
1036 1290 1070 1318 de
1083 1289 1195 1326 aequita-

86 1328 117 1351 te
129 1323 228 1357 acjure
242 1331 377 1353 certetur:
398 1326 500 1360 jactare
515 1324 540 1354 se
552 1326 578 1354 in
592 1326 677 1355 causis
694 1327 958 1360 Centumviralibus.
980 1328 1009 1356 in
1025 1327 1124 1364 quibus
1134 1326 1196 1356 usu-

89 1361 241 1398 capionum
253 1383 259 1395 ,
282 1362 432 1392 tutelarum
443 1385 451 1397 ‚
473 1363 660 1400 gentilitatuin
671 1386 679 1396 ‚
709 1365 906 1401 agnationum,
929 1366 1104 1394 alluvionum
1116 1387 1123 1399 ,
1145 1364 1196 1393 cir-

38 1431 42 1440 ·
83 1398 318 1434 *cumluvionunn
339 1410 494 1436 nexorum,
516 1402 719 1439 mancipiorum
729 1424 737 1437 ,
759 1403 896 1440 parietum
907 1425 914 1438 .
937 1403 1076 1432 luminum
1089 1425 1097 1437 ,
1118 1401 1195 1431 stilli-

89 1436 246 1470 cidiorum,
267 1438 496 1468 testamentorum
510 1446 673 1477 ruptorum,
695 1448 742 1469 aut
762 1448 902 1475 rarorum,
924 1448 1133 1477 ceterarumque
1153 1450 1196 1469 re-

88 1484 149 1503 rum
160 1475 405 1505 innumerabilium
413 1478 472 1513 jura
483 1478 640 1507 versentur:
669 1488 756 1515 quum
775 1480 892 1508 omnino
913 1479 981 1516 quid
1003 1479 1081 1508 suum
1095 1501 1102 1512 ,
1125 1476 1194 1514 quid

89 1511 210 1541 alienum
222 1534 230 1548 ,
250 1523 331 1550 quare
347 1515 469 1552 denique
485 1516 552 1545 civis
563 1526 597 1545 an
608 1517 769 1554 peregrinus
784 1539 791 1550 ,
813 1516 904 1546 servus
915 1527 951 1545 ari
970 1517 1040 1546 liber
1057 1516 1194 1554 quispiam

88 1549 140 1584 fit,
160 1551 270 1588 ignoret
284 1574 291 1586 ‚
312 1552 424 1590 insignis
436 1553 474 1582 est
484 1553 674 1591 impudentiae.
698 1555 772 1583 Suet.
786 1555 815 1583 in
829 1554 932 1592 Vespas.
947 1565 1006 1592 cap.
1023 1565 1065 1584 10.
1091 1555 1195 1583 Litium

0 1623 4 1625 ‚
84 1587 171 1619 ‘series
186 1588 288 1626 ubique
297 1591 430 1623 maiorem
442 1591 471 1619 iri
483 1592 600 1621 modum
613 1600 811 1627 excreverant,
832 1594 1009 1622 manentibus
1024 1593 1144 1629 antiquis
1153 1592 1196 1620 in-

0 1626 8 1658 {T
37 1660 46 1670 a
86 1627 269 1664 tercapedine
279 1629 478 1663 jurisdiiftionis
491 1651 498 1664 ,
519 1630 718 1659 accedentibus
730 1631 809 1659 novis
824 1640 859 1659 ert
876 1631 1081 1660 consuetudine
1093 1629 1196 1659 tumul.-

88 1670 174 1701 tuque
188 1670 359 1702 temporum.
400 1668 479 1696 Sorte
498 1667 602 1706 elegit,
626 1678 675 1705 per
695 1678 764 1705 quos
781 1677 858 1706 rapta
878 1669 952 1698 bello
969 1669 1193 1702 restituerentur,

87 1703 190 1740 quique
204 1704 309 1739 judicia
323 1705 534 1735 centumviralia
547 1728 555 1741 ‚
576 1707 677 1743 quibus
689 1706 854 1744 peragendis
875 1708 923 1736 vix
941 1706 1089 1736 sufferstura
1107 1705 1196 1742 litiga-

88 1746 180 1770 torum
193 1749 255 1771 aetas
272 1742 434 1778 videbatur,
455 1751 533 1773 extra
549 1745 680 1773 ordinem
698 1745 902 1781 dijudicarent:
925 1745 1137 1782 redigerentque
1159 1742 1196 1773 ad

83 1778 277 1808 brevissimum
297 1790 454 1810 numerum.
483 1782 610 1811 Budaeus.
743 1788 749 1796 '
1064 1811 1066 1813 .

65 1817 284 1847 centumviralis
295 1818 367 1848 hasta
378 1841 386 1855 ‚
407 1820 481 1848 dieta
494 1821 570 1857 quod
592 1820 765 1850 Centumviri
776 1842 784 1854 ,
805 1820 880 1849 hasta
896 1821 924 1850 in
939 1819 1000 1849 foro
1017 1819 1104 1858 polita
1126 1819 1197 1855 judi-

89 1864 192 1885 carent.
216 1855 297 1885 Unde
307 1857 382 1886 Suet.
397 1857 426 1886 in
438 1858 546 1894 August.
558 1868 619 1895 cap.
633 1864 674 1892 36.
700 1860 835 1888 Auctor&
850 1858 968 1887 aliarum
981 1868 1071 1887 rerum
1080 1858 1143 1890 fuit.
1166 1857 1196 1885 in

89 1894 169 1931 queis
183 1903 219 1924 ne
231 1896 291 1923 acra
302 1895 418 1924 Senatus
436 1895 661 1933 publicarentur,
682 1898 734 1926 Sec.
757 1903 788 1926 ut
803 1906 869 1925 cura
882 1897 967 1925 aerarii
979 1907 994 1925 a
1005 1895 1196 1931 Quaestoribus

42 1958 46 1961 .
89 1931 201 1961 urbanis
219 1933 254 1961 ad
267 1932 408 1962 Praetorios
427 1933 589 1964 Praetoresve
607 1935 750 1971 tranliret,
771 1942 803 1964 ut
826 1934 1062 1963 Centumviralem
1081 1933 1194 1968 hastam,

85 1977 171 2006 'quam
185 1970 326 2006 Quaestura
336 1971 424 2000 funeri
439 1971 639 2002 consueverant
660 1983 760 2011 cogere
771 1996 779 2007 ,
801 1972 959 2002 Decemviri
980 1979 1121 2009 cogerent.
1145 1971 1196 2000 Va-

90 2007 138 2036 ler.
149 2007 198 2036 lib.
211 2018 235 2045 7.
250 2014 276 2042 8.
293 2020 316 2038 i.
340 2009 540 2039 Notaeinfaniae
557 2011 718 2040 Tuditanus
731 2012 897 2040 testamento
910 2010 997 2039 filium
1014 2010 1132 2038 instituit
1142 2009 1197 2038 hae-

85 2045 193 2075 sedem.
235 2046 321 2082 Quod
334 2046 368 2076 T.
382 2046 493 2085 Longus
505 2048 637 2086 sanguine
652 2050 677 2078 ei
689 2050 834 2086 proximus
846 2070 854 2083 ,
875 2049 955 2078 hastae
966 2048 1073 2084 judicio
1086 2048 1196 2076 subver-

84 2090 146 2112 tere
155 2083 379 2114 frustraconatus
390 2086 436 2114 est.
451 2087 538 2123 magis
547 2088 622 2116 enim
635 2087 807 2116 Centumviri
819 2087 886 2123 quid
896 2086 1029 2124 scriptum
1041 2086 1108 2116 effet
1119 2086 1147 2114 in
1156 2092 1197 2114 ta-

87 2120 169 2156 bulis,
182 2132 266 2159 quam
278 2123 339 2159 quis
350 2132 395 2153 eas
407 2122 559 2160 scripsiffet‚
571 2125 802 2155 considerandum
816 2125 1051 2155 existimaverunt.
1066 2124 1195 2153 Budaeus.

66 2159 431 2199 ‘Centumviraliumtpartes
452 2162 572 2199 Quintil.
586 2163 634 2193 lib.
649 2174 673 2199 5.
686 2174 745 2202 cap.
760 2173 786 2192 2.

31 2196 302 2228 ‘C‘ENTUchi-ti
315 2208 344 2234 s,
365 2199 397 2228 ln
418 2209 554 2230 crNa-o.

31 2236 134 2267 CnNT
143 2238 185 2264 1⁹13
196 2246 206 2264 1
216 2246 237 2265 A
249 2258 257 2271 ,
275 2246 308 2266 ae.
329 2237 350 2266 f.
372 2238 509 2274 [uxta]
530 2239 559 2267 in
569 2240 640 2276 agris
652 2239 785 2277 significat
795 2239 923 2268 Ducenta
932 2239 1044 2276 jugera:
1066 2237 1097 2267 in
1108 2247 1136 2266 re
1146 2238 1197 2267 mi-

69 2273 140 2303 litari
162 2273 283 2303 Centum
302 2275 438 2305 homines.
462 2276 529 2308 Haec
549 2277 648 2307 Festus.
685 2276 725 2307 De
746 2273 793 2306 iila
806 2277 891 2307 Varro
902 2277 939 2306 de
951 2277 979 2306 L.
998 2276 1026 2305 L.
1046 2275 1095 2305 lib.
1109 2287 1135 2311 4.
1154 2280 1196 2305 i6.

69 2311 201 2351 Centuria
217 2313 305 2349 primo
319 2324 334 2342 a
345 2313 464 2343 Centum
476 2315 618 2352 jugeribus
629 2316 713 2351 dicta,
726 2316 787 2353 post
801 2315 944 2354 duplicata
955 2315 1070 2345 retinuit
1080 2323 1195 2343 nomen.

69 2349 149 2380 Idem
160 2350 245 2379 tradit
255 2350 390 2380 Columelv
403 2351 448 2381 lib.
464 2363 487 2387 ς.
505 2363 566 2391 cap.
580 2364 602 2383 i.

66 2387 209 2417 'Centuriae
221 2389 391 2419 vocabulum
414 2392 548 2420 centuriis
558 2414 565 2426 ,
587 2398 618 2421 ut
629 2392 667 2420 ait
676 2390 786 2421 Siculus
797 2391 911 2420 Flaccus
921 2413 927 2424 ‚
947 2399 982 2419 ex
993 2399 1027 2418 eo
1039 2389 1135 2419 datum
1148 2389 1197 2425 est,

52 2438 55 2442 ·
88 2426 185 2462 Quum
196 2427 303 2463 antiqui
313 2427 433 2457 Romani
444 2438 539 2466 agrurn
550 2430 674 2459 exhoste
688 2438 802 2467 captum
817 2430 913 2458 victuri
934 2427 1042 2466 populo
1067 2438 1116 2465 per
1132 2428 1198 2457 bina

87 2464 180 2501 jugera
188 2466 281 2502 partiti
294 2465 357 2494 sunt
367 2488 374 2500 ,
396 2468 523 2497 centenis
536 2468 698 2497 hominibus
710 2469 870 2497 ducentena
884 2468 975 2501 iugera
987 2467 1146 2495 dederunt:
1171 2467 1198 2495 &

85 2511 124 2532 ex
137 2503 190 2531 hoc
199 2502 407 2533 facaocfflturia
416 2505 486 2540 juste
497 2506 638 2543 appellata
647 2506 692 2535 est.
700 2516 759 2544 pag.
769 2516 775 2534 i
786 2505 886 2541 5.Goes.
893 2505 922 2533 V.
931 2506 947 2530 V
953 2504 1077 2533 arr.deR.
1084 2504 1115 2533 R.
1124 2513 1196 2533 1.10.

88 2540 139 2570 ubi
150 2541 189 2569 ait
203 2551 210 2576 ;
235 2542 253 2570 A
269 2541 392 2571 Centum
403 2564 410 2577 ‚
432 2543 565 2573 Centuria
577 2545 649 2573 difta
659 2544 704 2573 est.
723 2544 856 2574 Centuria
866 2543 904 2572 est
912 2543 1045 2580 quadrata
1055 2542 1085 2570 in
1098 2551 1198 2571 omnes

59 2595 61 2598 ⁴
85 2581 206 2615 quatuor
218 2586 308 2616 partes
320 2581 425 2616 pedum
448 2592 469 2610 M
479 2592 500 2610 M
511 2592 537 2611 c.
577 2582 628 2612 Har
641 2592 723 2620 porro
735 2589 853 2619 quatuor
867 2581 999 2610 centuriae
1013 2581 1172 2615 conjunerae
1188 2602 1197 2614 ,

85 2620 122 2645 ‘nt
132 2616 184 2646 lint
195 2617 224 2645 in
232 2624 378 2655 utramque
387 2626 492 2656 partem
506 2619 577 2649 binae
588 2641 594 2652 ‚
617 2620 831 2658 appellanturin
844 2620 913 2654 agris
927 2618 1019 2647 divisis
1031 2619 1134 2647 viritim
1147 2628 1198 2656 pu-

85 2653 161 2683 ³blice
174 2654 273 2685 Saltus.
305 2657 360 2685 Sed
373 2657 498 2687 Varronis
510 2668 642 2687 numerus
654 2659 726 2687 haud
736 2659 846 2687 videtur
857 2657 920 2686 satis
931 2658 1045 2685 exactus
1058 2666 1067 2686 ·:
1091 2656 1200 2686 constat

86 2692 165 2721 enim
175 2698 293 2729 quatuor
300 2694 447 2724 Cen'turias
457 2695 595 2734 simplices
606 2696 652 2725 seu
662 2697 729 2725 duas
739 2696 906 2734 duplicatas,
930 2695 1121 2731 Quinquagies
1133 2704 1199 2723 cen-

87 2730 143 2760 ties
153 2730 271 2764 millies,
292 2734 318 2762 Sc
337 2732 527 2771 septingentos
543 2734 683 2772 sexaginta
694 2733 782 2763 millia
802 2734 950 2770 quadratos
973 2733 1058 2769 pedes
1076 2732 1198 2768 habere,

33 2778 51 2791 ἰ
90 2768 108 2798 i.
120 2778 146 2798 e.
167 2768 321 2799 secundum
332 2770 499 2801 hodiernam
510 2773 678 2801 numerandi
689 2772 867 2806 methodum,
885 2771 990 2800 Pedum
1001 2771 1123 2807 quinque
1137 2770 1200 2799 mil-

60 2821 62 2823 ·
89 2805 181 2836 {iones
191 2817 223 2836 ac
235 2806 427 2845 septingentos
442 2809 585 2847 sexaginta
597 2810 685 2839 millia
703 2811 857 2840 continere.
899 2809 993 2845 ltaque
1011 2808 1098 2837 forsan
1120 2808 1200 2837 locus

91 2844 221 2874 Varronis
231 2845 344 2875 vitiosus
356 2847 403 2882 est,
416 2849 442 2877 δι
452 2848 555 2877 restitui
567 2849 651 2877 debet
667 2860 685 2877 M
696 2860 716 2877 M
726 2858 743 2877 c
754 2857 771 2877 c
779 2858 796 2877 c
805 2858 823 2876 c
838 2857 889 2885 pro
905 2858 925 2876 M
936 2857 955 2875 M
965 2856 1001 2882 c;
1020 2847 1050 2876 ἃ
1060 2855 1129 2876 tunc
1140 2856 1200 2875 orn-

88 2883 137 2912 ⁴nia
145 2883 253 2913 rec‘tese
264 2883 416 2914 habebunt.
431 2886 462 2915 V.
475 2886 557 2916 Thes.
571 2887 702 2922 Antiquit.
716 2886 796 2915 Rom.
809 2886 896 2915 Graev.
907 2885 1002 2913 Tomi
1016 2895 1036 2913 i.
1051 2885 1200 2922 p.i·6i6.B.

72 2919 212 2950 Centuriae
220 2922 354 2959 equitum,
378 2923 424 2953 etsi
433 2923 468 2952 ab
479 2925 561 2953 initio
570 2933 707 2953 centenos
716 2931 826 2953 tantum
836 2924 943 2959 equites
954 2922 1063 2959 singulae
1071 2923 1199 2952 contine-

89 2958 159 2988 bant
168 2981 176 2994 ,
197 2962 279 2989 aucto
288 2961 391 2990 civium
403 2971 520 2991 numero
531 2962 625 3000 plures
633 2962 824 2992 numerabant.
843 2962 915 2990 Nam
928 2961 1011 2989 trium
1022 2960 1200 2989 solummodo

87 2997 279 3026 'centuriarum
295 3008 427 3029 numerus
438 3000 538 3029 mansit
548 3023 555 3035 ,
574 3009 641 3030 'cum
654 3007 749 3030 tamen
764 3000 873 3037 equites
884 3021 891 3031 .
915 3009 970 3034 quo
985 3006 1112 3036 tempore
1126 3008 1201 3027 mor-

89 3039 156 3064 'tuus
165 3035 203 3064 est
214 3035 349 3066 Romulus
359 3059 366 3071 ‚
387 3037 463 3067 haud
474 3038 564 3068 multo
580 3039 726 3076 pauciores
739 3048 822 3074 quarn
840 3036 917 3066 mille
928 3037 1041 3065 fuerunt
1051 3058 1058 3070 ‚
1081 3044 1112 3065 ut
1124 3042 1201 3073 paret

89 3080 127 3102 'ex
141 3072 251 3110 Dionys.
267 3083 291 3103 2.
304 3085 331 3112 p.
343 3081 388 3110 89.
408 3076 441 3105 Et
450 3076 595 3114 Tarquinii
607 3076 685 3106 Prisci
700 3083 779 3105 aetate
790 3083 845 3104 tres
856 3075 991 3103 duntaxat
1001 3074 1133 3104 centuriae
1142 3074 1201 3103 fue-

90 3116 175 3143 runt,
199 3118 231 3140 ut
243 3111 278 3141 ab
298 3113 402 3147 initio,
423 3114 452 3142 in
475 3115 509 3144 iis
529 3122 623 3144 tamen
641 3114 719 3144 mille
737 3114 844 3149 equites
859 3113 1083 3142 continebantur.
1125 3112 1199 3142 Nam

92 3148 187 3178 scribit
197 3149 254 3179 Liv.
270 3160 292 3179 1.
308 3155 352 3186 36.
380 3151 480 3189 Neque
491 3160 550 3182 tum
565 3152 735 3189 Tarquinius
752 3152 787 3180 de
810 3151 939 3188 equitum
961 3150 1096 3179 centuriis
1121 3150 1201 3186 quid-

90 3196 176 3223 quam
185 3188 323 3217 mutavit:
347 3199 465 3219 numero
476 3190 596 3220 alterum
611 3198 719 3220 tantum
741 3190 847 3225 adjecit
859 3211 866 3223 ,
889 3194 920 3217 ut
938 3187 1015 3216 mille
1036 3189 1061 3217 &
1081 3188 1201 3217 trecenti

53 3249 56 3255 .
91 3225 201 3262 equites
215 3226 243 3254 in
259 3226 347 3255 tribus
360 3229 493 3257 centuriis
504 3229 599 3258 essent.
644 3229 674 3257 Et
688 3228 742 3257 five
752 3228 900 3265 pauciores
909 3226 962 3255 sive
979 3225 1074 3263 plures
1087 3223 1202 3255 fuerunt

91 3262 127 3330 {pa
137 3264 263 3292 centuria
272 3285 280 3297 ‚
301 3274 407 3294 nornen
417 3274 512 3296 tamen
522 3265 597 3297 haud
606 3273 744 3296 mutatum
760 3266 799 3295 est
809 3288 816 3301 ‚
839 3265 886 3294 sed
899 3265 1007 3301 integra
1019 3265 1044 3293 ἃ
1054 3273 1110 3293 una
1118 3264 1204 3293 habe-

129 3306 173 3330 tur
181 3302 316 3331 centuria.

22 3370 24 3380 y
48 3342 49 3345 ’
72 3337 214 3368 Centuriae
223 3340 370 3370 Seniorum
384 3341 568 3377 &Juniorum
580 3365 587 3377 ,
607 3343 637 3371 in
652 3352 721 3380 ‘quas
731 3339 850 3371 universi
865 3339 948 3369 Cives
961 3339 1081 3371 Romani
1096 3361 1103 3373 ,
1127 3339 1203 3368 Mili-

92 3376 139 3406 tiae
147 3378 175 3407 ἃ
185 3376 373 3408 Comitiorum
383 3379 472 3416 causa,
487 3390 502 3409 a
517 3380 573 3410 Ser.
584 3380 679 3410 Tullio
690 3390 764 3417 rege,
778 3377 963 3408 subClassibus
973 3377 1084 3415 sex,pro
1093 3378 1204 3406 ratione

0 3419 11 3478 ῗ
91 3413 190 3444 census
202 3415 331 3454 descripti
341 3417 463 3453 fuerunt,
479 3419 518 3447 *de
527 3418 627 3455 quibus
645 3418 674 3447 V.
693 3418 751 3447 Liv.
765 3427 788 3446 r.
801 3425 846 3451 43.
856 3417 881 3445 ἃ
893 3415 974 3453 plura
983 3415 1059 3452 apud
1069 3415 1158 3459 Pitisc3
1174 3415 1204 3444 in

7 3474 10 3479 .
95 3451 162 3482 Lex.
177 3454 239 3482 Ant.
253 3454 335 3483 Rom.
348 3454 407 3484 Cic.
417 3465 444 3484 2.
456 3456 493 3485 de
510 3456 602 3486 Divin.
613 3465 659 3493 74.
692 3456 812 3485 Primum
824 3453 891 3482 vide
901 3463 937 3482 ne
950 3454 979 3482 in
995 3463 1060 3482 euin
1069 3453 1202 3488 dixerint,

0 3484 10 3543 ξ
92 3491 142 3527 qui
154 3498 263 3528 rogator
278 3493 410 3522 centuriae
427 3493 526 3523 fuisset.
564 3495 582 3530 [
591 3494 664 3524 Cave
678 3501 760 3532 putes
771 3499 866 3522 autem
876 3492 924 3520 has
934 3501 1046 3528 quoque
1055 3490 1202 3520 centurias

0 3545 11 3559 ι’

5 3621 9 3635 i

0 2585 6 2606 -
0 2545 6 2568 q
0 2245 10 2528 -ς--ψ-,ν-μ-Γ.“-
0 2208 5 2232 v
0 1979 9 2188 ,V-.-.--
0 1902 6 1964 ...„
0 1750 11 1887 -rtY—„r
0 1678 5 1733 —v—

0 2806 7 2851 ,-
0 2739 7 2795 «μή.
0 2698 5 2719 ...-
0 2626 5 2685 -v

0 2887 9 2928 -w

0 3194 5 3216 *-
0 3090 9 3175 mr<
0 3003 7 3058 -ιν
0 2936 13 2987 -5

94 3528 211 3566 singulas
223 3538 408 3560 centenorum
416 3531 536 3561 omnino
552 3533 676 3570 capitum
689 3530 769 3561 fuisse
779 3553 787 3566 ,
809 3539 875 3559 cum
897 3529 1048 3566 descriptio
1065 3539 1099 3558 ex
1112 3528 1201 3564 cuius-

42 3589 53 3594 -
97 3575 152 3603 que
161 3567 244 3596 censu
255 3590 263 3603 ‚
284 3569 303 3597 i.
316 3578 341 3597 e.
362 3569 542 3599 facultatibus
552 3570 631 3599 {ieret
641 3592 649 3605 ‚
671 3580 704 3599 ac
715 3569 772 3598 sine
782 3567 966 3598 controversia
979 3567 1009 3595 in
1020 3566 1128 3602 ultima,
1142 3576 1204 3604 quae

94 3604 309 3672 proletariorum
319 3608 345 3636 ἃ
355 3608 448 3645 capite
458 3607 605 3637 censorum
613 3608 676 3644 fuit,
696 3607 808 3643 solaque
817 3605 922 3634 sextam
932 3603 1042 3634 classem
1054 3605 1204 3648 constitue-

117 3648 165 3678 at;
186 3642 419 3681 longemaximus
431 3651 562 3675 numerus
574 3647 679 3675 civium
690 3646 790 3680 fuerit,
811 3644 840 3673 in
850 3642 992 3681 prioribus
1007 3663 1016 3679 ,
1037 3653 1098 3680 quae
1116 3653 1205 3679 majo-

0 3690 11 3721 ¹.
32 3714 35 3716 μ
96 3690 154 3709 rem
169 3681 281 3711 censum
293 3682 469 3719 postulabant
479 3706 487 3718 ‚
506 3683 591 3721 longe
604 3684 759 3722 pauciores.
1062 3696 1074 3701 2

0 3711 19 3742 θ
78 3716 192 3752 Modica
200 3720 334 3749 centuria.
375 3721 406 3750 ln
427 3732 448 3750 M
458 3732 475 3750 o
486 3732 503 3750 o
513 3731 532 3750 u
540 3732 562 3751 s.

0 3758 2 3771 '
78 3756 203 3794 Auspicia
217 3761 406 3788 centuriarum
419 3760 541 3797 augusta.
582 3759 642 3790 Cic.
662 3768 715 3797 pro
725 3757 827 3789 Milon.
839 3765 885 3792 44.
913 3754 998 3785 Hunc
1018 3755 1103 3799 igitur
1126 3756 1202 3786 diem

97 3795 189 3830 campi
200 3794 339 3831 speratum
349 3803 431 3833 atque
443 3804 609 3835 exoptatum
620 3798 668 3827 sibi
683 3804 846 3835 proponens
858 3792 930 3830 Milo
944 3815 951 3828 ‚
974 3800 1096 3823 cruentis
1116 3795 1204 3837 marii-

0 3839 4 3853 ¹
97 3831 149 3861 bus
159 3831 283 3863 scelus&
291 3833 398 3864 facinus
409 3845 465 3873 prae
473 3835 501 3864 ‘se
513 3835 604 3865 fereris
617 3838 644 3866 ἃ
654 3834 793 3865 confitens
804 3855 812 3869 ‚
832 3832 868 3861 ad
878 3831 926 3860 illa
936 3831 1047 3869 augusta
1066 3838 1204 3862 centuria-

0 3874 15 3935 Ρ
68 3882 71 3885 ·
96 3876 159 3898 'rum
169 3871 290 3908 auspicia
304 3872 432 3902 veniebat
442 3874 456 3902 ‘?

3 3926 21 3943 v,
79 3903 140 3936 Vox
149 3917 206 3936 una
215 3911 411 3939 centuriarum.
452 3911 510 3940 Cic.
523 3920 575 3948 pro
588 3911 682 3942 Domo
693 3933 702 3948 ‚
719 3919 781 3948 141.
805 3907 890 3941 Vobis
904 3913 1021 3947 campus
1034 3928 1045 3944 ,
1064 3907 1203 3939 centuria·

0 3954 13 3968 ·¹
65 3982 69 3985 ι
98 3954 214 4016 rqlmque
222 3956 280 4017 pria
288 3954 345 3979 vox
351 3948 480 3981 oxnnium
489 3970 498 3985 2
512 3950 567 3980 &a

147 3992 202 4015 010-
236 4001 246 4016 s

1625 111 1653 146 C
1752 111 1779 145 E
1876 111 1909 145 N
2334 122 2400 160 481

1279 192 1409 228 Equitum
1419 194 1561 223 centuriam
1603 194 1662 223 Cic.
1676 204 1702 230 7.
1714 191 1815 230 Philip.
1829 200 1870 222 io.
1902 194 2034 223 Patronus
2052 195 2239 224 centuriarum
2258 196 2384 232 equitum
2396 218 2405 231 ,

1300 241 1364 266 quas
1380 231 1453 259 idem
1468 232 1523 260 sine
1541 230 1666 267 surl‘wgio
1680 230 1732 259 esse
1744 230 1833 259 voluit

1280 268 1426 297 Senioruni
1442 271 1465 297 ἃ
1482 270 1618 300 iuniorum
1633 269 1767 298 centuriis
1779 270 1885 297 honore
1896 268 1974 297 affici.
1997 269 2055 298 Cic.
2070 280 2094 304 7.
2108 269 2230 303 Verrz7.
2252 269 2305 298 Sed
2319 277 2405 307 quum

1299 305 1366 334 esses
1379 308 1552 335 renuntiatus
1565 330 1571 341 ,
1595 315 1624 335 ut
1641 308 1700 335 dixi
1713 329 1720 341 ,
1743 311 1800 335 'non
1813 307 1868 344 ipsa
1886 308 2022 344 praeconis
2034 317 2102 335 voce
2113 308 2248 335 excitatns
2260 317 2297 340 es,
2316 310 2361 343 qui
2378 317 2406 337 te

1300 344 1404 372 totiens
1416 344 1565 378 seniorum,
1580 345 1777 382 iuniorumque
1788 345 1921 373 centuriis
1934 343 1982 373 illo
1998 345 2104 373 honore
2117 344 2188 373 affici
2203 346 2404 380 pronuntiavit.

1282 380 1471 410 Defueruntci
1484 392 1578 419 pauca·
1589 383 1720 412 centuria?
1730 383 1764 411 :id
1779 380 1967 411 Consulatum.
1991 382 2050 412 Cic.
2065 383 2099 411 de
2112 382 2181 410 Clas.
2198 383 2273 411 Orat.
2288 391 2349 419 272.

1283 418 1390 447 Ornare
1404 421 1544 448 centuriis.
1583 422 1641 449 Cic.
1653 421 1687 448 de
1699 420 1768 456 Lege
1781 422 1839 457 Agr.
1853 430 1877 448 2.
1894 430 1935 454 32.
1969 420 2078 449 Deinde
2089 428 2167 448 ornat
2180 421 2386 457 apparitoribus
2398 443 2408 456 ‚

1303 456 1414 490 scribis,
1437 456 1554 485 'librariis
1567 479 1574 491 ,
1597 458 1790 493 praeconibus,
1812 457 1986 487 architectis:
2010 466 2140 494 praeterea
2160 458 2260 490 mulis,
2281 459 2409 488 tuberna-

1303 493 1373 522 culis
1385 515 1392 526 ,
1415 495 1549 523 centuriis
1562 517 1569 529 ,
1590 495 1764 532 supellectili.
1784 496 1838 525 Sed
1856 496 1938 525 lectio
1952 496 2045 530 dubia,
2071 498 2096 526 ἃ
2112 496 2211 524 merito
2224 495 2345 534 suspecta
2360 497 2408 526 est.

1284 530 1472 560 Renuntiatus
1485 533 1584 560 Praetor
1596 534 1728 562 centuriis
1741 534 1856 562 tundis.
1880 535 1938 563 Cic.
1953 544 2004 571 pro
2019 534 2054 563 Le
2066 544 2089 566 ,ε
2107 534 2202 562 Manil.
2218 543 2241 562 2.

1285 569 1431 597 Centurias
1445 569 1527 598 alicui
1545 571 1692 599 conticere.
1735 572 1792 600 Cic.
1810 581 1850 600 ii.
1864 571 1937 600 Fam.
1952 577 1993 600 16.
2015 571 2043 601 L.
2084 572 2154 600 amia
2171 571 2315 600 Praeturam
2328 572 2409 608 petit.

1304 606 1388 635 Paulo
1400 606 1461 643 post
1472 629 1479 639 .
1504 608 1559 643 Ego
1573 608 1674 645 suscepi
1689 615 1778 637 torum
1791 612 1943 645 negotium.
1964 609 2056 644 Nunc,
2073 610 2088 638 si
2101 610 2222 638 metanti
2235 609 2311 640 sacis.
2324 620 2410 645 quan-

1304 646 1324 672 ti
1336 653 1410 673 certe
1420 644 1498 677 sacis,
1510 644 1620 680 quando
1632 647 1756 682 equitum
1768 648 2005 682 centuriastencs‚
2016 649 2043 676 in
2057 648 2157 685 quibus
2170 648 2360 683 regnasmitte
2374 647 2410 676 ad

1306 681 1415 718 Lupum
1426 682 1558 717 nostrum,
1570 684 1628 712 uris
1642 684 1722 712 nobis
1735 694 1779 713 eas
1790 686 1928 714 centurias
1938 686 2076 715 conficiat.
2089 685 2220 714 videlicet
2229 685 2262 713 ud
2273 684 2408 722 suffragia.

1284 719 1366 749 Ferre
1378 720 1533 748 centuriam
1547 742 1555 754 ,
1577 721 1614 749 est
1627 721 1735 750 Habere
1745 725 1898 751 centuriam
1916 722 2037 760 aliquam
2048 723 2096 752 sibi
2111 723 2304 759 suffragantem
2319 724 2347 752 in
2363 723 2413 753 ali-

1307 758 1385 792 cujus
1397 758 1568 793 magistratus
1583 760 1727 795 petitione.
1750 760 1807 788 Cic.
1822 770 1871 795 pro
1884 760 1972 789 l’lanc.
1985 772 2030 796 49.

1249 794 1273 825 C
1282 805 1295 824 a
1306 805 1324 824 N
1335 805 1354 823 T
1365 805 1382 823 u
1394 805 1408 823 ι’.
1419 799 1451 823 ιᾸ
1462 806 1477 823 ι,
1488 806 1495 823 i
1505 805 1516 824 s
1525 818 1533 830 ,
1554 806 1577 824 e.
1601 797 1661 832 Adj.
1684 804 1715 825 ut
1728 818 1735 830 ,
1758 797 1875 834 Lapides
1886 798 2052 828 centuriales
2062 821 2070 834 ,
2092 796 2149 827 scil.
2181 797 2292 834 Quibus
2308 798 2412 829 limites

1289 833 1468 861 instituuntur
1483 834 1510 861 in
1524 834 1604 870 agris.
1647 833 1805 863 Centuriale
1817 845 1919 864 arvum.
1943 835 2042 866 Festus.
2373 869 2376 872 ,

1249 870 1273 900 C
1284 881 1296 899 a
1309 881 1327 899 N
1338 881 1356 899 'r
1366 880 1382 898 u
1394 880 1408 898 R
1420 882 1428 898 1
1438 878 1455 899 0
1468 893 1476 906 ‚
1498 869 1705 906 [καττιτνῖθιμακ
1715 893 1723 907 ,
1763 874 1930 907 ammeta,
1958 874 2110 909 κατωῐμω]
2139 877 2192 902 irre.
2224 873 2255 903 In
2275 875 2414 904 centurias

1287 907 1458 938 distribuere.
1498 909 1556 938 Cic.
1569 910 1602 938 ad
1615 910 1695 945 Quir.
1707 909 1766 946 post
1780 910 1835 938 red.
1853 920 1893 945 ¹3-
1917 911 1974 947 Ego
1992 922 2078 948 quum
2089 912 2219 940 homines
2231 912 2259 940 in
2280 912 2413 941 tribunali

1287 946 1400 976 Aurelio
1413 947 1504 984 palam
1516 947 1670 981 conscribi,
1691 948 1895 984 centuriarique
1905 949 2040 978 vnlilsem.
2065 949 2120 978 Liv.
2133 959 2176 982 ις,
2200 950 2265 978 Eam
2285 951 2415 985 juventu-

1285 991 1344 1013 tem
1354 994 1390 1013 ex
1403 984 1535 1013 industria
1545 986 1747 1014 centuriaverat
1757 1007 1764 1020 ‚
1785 993 1992 1024 armaveratque
2004 987 2038 1016 ad
2046 986 2115 1016 tales
2126 987 2210 1016 casus.
2235 987 2259 1016 li.
2273 997 2297 1017 e.
2323 989 2360 1017 hx
2372 990 2415 1024 ju-

1283 1022 1403 1052 'venibus
1419 1024 1557 1052 centurias
1569 1024 1735 1052 confecerat.
1776 1024 1849 1052 cons.
1862 1034 1903 1058 29.
1924 1035 1945 1053 i.
1959 1035 2000 1061 pr.

1287 1062 1389 1097 Agrum
1399 1061 1555 1089 centuriare
1567 1083 1575 1095 ,
1599 1061 1725 1098 Hyginus
1738 1061 1772 1090 de
1794 1061 1886 1091 Limit.
1903 1063 1988 1091 const.
2005 1071 2067 1100 pag.
2087 1071 2148 1097 195.
2172 1062 2245 1092 Goes.
2268 1063 2415 1094 Limitibus

1306 1097 1449 1128 includere
1461 1097 1621 1136 simpliciter
1631 1106 1757 1136 exponit.

1249 1135 1274 1165 C
1285 1146 1297 1164 iz
1308 1146 1327 1165 N
1338 1146 1357 1164 T
1368 1146 1385 1165 u
1397 1146 1412 1164 R
1424 1147 1431 1164 i
1444 1140 1488 1164 Ᾰτ
1499 1147 1515 1165 υ
1526 1146 1537 1165 s
1550 1159 1557 1171 ‚
1580 1137 1802 1173 [animato]
1823 1136 1917 1166 Partic.
1937 1137 1968 1167 In
1983 1137 2138 1166 centuriam
2153 1138 2319 1167 distributus.
2356 1139 2415 1170 Liv.

1287 1184 1334 1203 ηπ.
1347 1180 1391 1209 38.
1415 1174 1470 1203 Sua
1480 1174 1625 1204 voluntate
1643 1175 1692 1212 ipsi
1703 1175 1776 1204 inter
1791 1174 1817 1204 sc
1834 1177 1941 1212 equites
1958 1175 2114 1211 decuriati,
2135 1177 2282 1206 centuriati
2306 1178 2417 1215 pedites

1287 1212 1486 1247 conjurabant.
1795 1245 1797 1248 .

1288 1250 1443 1280 Centuriati
1455 1250 1650 1288 manipulares.
1693 1249 1778 1280 Plaut.
1792 1250 1875 1280 il'lilit.
1891 1260 1915 1286 3.
1928 1261 1953 1281 2.
1968 1260 1994 1288 3.

1369 1289 1396 1318 Si
1407 1289 1554 1317 centuriati
1568 1289 1640 1317 bene
1654 1287 1717 1317 sunt
1731 1289 1918 1326 manipulares
1934 1291 1999 1318 mei.

1286 1326 1451 1356 Centuriata
1461 1327 1575 1355 comitia
1587 1325 1752 1356 dicebantur
1763 1348 1770 1362 ‚
1792 1328 1856 1364 qui-a
1872 1327 1991 1365 Populus
2002 1327 2143 1357 Romanus
2158 1337 2208 1365 per
2220 1331 2351 1358 centenas
2361 1334 2418 1358 tur-

1308 1374 1366 1393 mas
1378 1364 1480 1393 divisus
1492 1371 1556 1393 erat.
1569 1364 1669 1393 Festus.
1683 1362 1752 1393 Scal.
1766 1374 1815 1402 per
1826 1366 1970 1395 Centurias
1992 1365 2210 1395 Liv.2.2.ssrutus
2221 1366 2356 1403 collegam
2370 1367 2419 1397 sibi

1307 1402 1430 1431 comitiis
1444 1403 1604 1431 centuriatis
1613 1403 1724 1432 creavit.
1739 1403 1814 1432 conf.
1829 1402 1896 1432 Geli.
1907 1414 1915 1432 i
1925 1415 1947 1437 ς,
1961 1413 2005 1439 27.
2018 1404 2077 1433 Cic.
2094 1404 2152 1433 Post
2164 1404 2220 1432 redv
2235 1405 2262 1432 in
2276 1404 2417 1436 Senams.

1307 1441 1373 1477 Quo
1386 1440 1432 1469 die
1440 1450 1492 1469 nos
1503 1440 1626 1469 comitiis
1637 1441 1807 1475 centuriatis,
1829 1451 1889 1478 quae
1899 1443 2020 1470 maxime
2031 1442 2098 1477 justa
2110 1442 2166 1470 dici
2181 1464 2187 1475 ,
2212 1442 2362 1478 haberique
2372 1454 2421 1472 vo-

1306 1479 1419 1508 luerunt
1428 1478 1556 1514 majores,
1577 1477 1713 1507 arcessivit
1723 1480 1753 1507 in
1764 1480 1892 1515 patriam,
1903 1481 2047 1509 uteaedem
2058 1481 2203 1514 centuriae,
2219 1490 2278 1516 qua:
2292 1489 2335 1508 me
2347 1481 2421 1511 Con-

1302 1516 1392 1546 sulem
1403 1517 1534 1551 fecerant,
1546 1515 1727 1546 Consulatum
1736 1526 1832 1546 meum
1842 1517 2069 1556 comprobarent.
2092 1517 2123 1548 V.
2145 1517 2225 1556 supra
2235 1518 2264 1546 in
2280 1527 2297 1546 c
2307 1528 2322 1547 ε
2332 1527 2352 1548 Ν
2362 1529 2380 1547 r
2391 1530 2421 1548 υ-

1306 1564 1380 1583 RIA.
1405 1554 1520 1583 &infra
1541 1555 1569 1582 in
1589 1564 1767 1584 coMiTiA.

1290 1592 1451 1621 Centuriata
1467 1592 1566 1630 capitis
1576 1592 1701 1627 comitia.
1735 1592 1767 1622 ln
1788 1602 1805 1621 c
1817 1602 1836 1621 A
1846 1603 1860 1621 Ρ
1870 1602 1926 1623 υτ.

1283 1631 1456 1659 *Centuriatae
1472 1631 1571 1668 Leges,
1602 1630 1771 1659 Centuriatis
1792 1631 1913 1660 comitiis
1929 1630 2004 1660 latae.
2045 1631 2131 1661 Erant
2148 1635 2241 1661 autem
2251 1632 2363 1667 majoris
2375 1643 2422 1662 au-

1307 1669 1460 1703 frontatis,
1482 1668 1553 1705 quasi
1566 1668 1657 1706 plenis
1669 1690 1677 1703 ,
1699 1668 1828 1704 justisque
1845 1669 1967 1698 comitiis
1982 1668 2102 1707 perlatae.
2143 1670 2269 1707 Ideoque
2289 1670 2423 1708 gloriatur

1287 1737 1289 1740 .
1306 1706 1407 1735 Cicero
1420 1707 1573 1735 centuriata
1587 1706 1613 1735 se
1626 1706 1686 1744 lege
1698 1707 1732 1735 ab
1746 1707 1831 1735 exilio
1843 1714 2005 1737 revocatum
2017 1706 2079 1737 effe.
2107 1707 2144 1736 Ex
2164 1708 2274 1737 Budaeo.

1288 1743 1346 1774 Lex
1358 1745 1528 1778 centuriata,
1550 1746 1576 1774 ἃ
1589 1745 1703 1773 curiata.
1725 1744 1783 1773 Cic.
1799 1745 1834 1774 de
1850 1745 1922 1782 Lege
1936 1748 1996 1783 ilgr.
2011 1755 2036 1774 2.
2055 1750 2100 1774 26.
2123 1746 2194 1774 Nam
2209 1746 2364 1776 centuriata
2375 1746 2423 1776 lex

1310 1782 1476 1811 Ceiisoribus
1488 1782 1628 1812 serebatur
1639 1804 1646 1817 ‚
1669 1792 1755 1819 quum
1767 1784 1872 1811 curiata
1889 1785 1989 1813 ceteris
2003 1783 2130 1821 patriciis
2145 1783 2354 1821 magistratibus.

1286 1820 1469 1849 Centuriatus
1482 1830 1545 1858 ager
1557 1822 1586 1849 in
1598 1820 1720 1850 ducenta
1730 1822 1825 1858 jugera
1837 1821 1967 1850 definitus
1980 1831 1987 1850 τ
2011 1822 2073 1858 quia
2094 1821 2230 1852 Romulus
2246 1823 2374 1852 centenis
2384 1822 2423 1852 ci-

1308 1858 1388 1887 vibus
1399 1881 1406 1893 ‚
1428 1859 1549 1888 ducenta
1559 1859 1654 1895 jugera
1667 1858 1772 1888 tribuit.
1810 1859 1909 1888 Festus.
1947 1857 1980 1889 V.
2001 1859 2098 1897 inipso
2112 1859 2207 1889 verbo.

1246 1896 1273 1926 ‘C
1282 1907 1295 1925 r
1306 1906 1325 1924 N
1334 1906 1353 1925 T
1365 1906 1407 1925 ua
1418 1907 1427 1924 1
1437 1900 1453 1925 Ᾰ
1463 1906 1482 1924 τ
1491 1907 1509 1925 υ
1518 1906 1529 1925 s
1539 1918 1547 1932 ‚
1576 1898 1615 1926 isis.
1645 1906 1682 1926 m.
1713 1894 1868 1933 [Aes-gocia]
1900 1897 2024 1934 Dignitas
2043 1901 2068 1927 ἁ
2096 1895 2219 1927 officium
2239 1898 2421 1929 centurionis.

1289 1934 1348 1963 Cic.
1362 1945 1413 1972 pro
1428 1935 1498 1970 Lege
1512 1935 1608 1964 Manil.
1631 1944 1672 1971 17.
1696 1934 1789 1971 Quem
1811 1937 1889 1964 enim
1908 1935 2050 1973 poffumus
2068 1936 2265 1972 imperatorem
2287 1936 2380 1970 aliquo
2393 1938 2424 1966 iri

1287 1982 1408 2002 numero
1418 1979 1516 2010 putare
1528 1995 1536 2006 ,
1559 1973 1640 2008 cujus
1655 1973 1683 2001 in
1694 1973 1818 2002 exercitu
1832 1980 1952 2002 veneant
1973 1974 2144 2003 centuriatus
2164 1982 2246 2011 atque
2258 1975 2398 2003 venierint
2407 1976 2422 2004 ⁴?

1290 2010 1404 2039 Venditi
1415 2011 1596 2040 centuriatus.
1641 2009 1698 2040 Cic.
1712 2012 1740 2040 in
1756 2010 1842 2040 Pison.
1857 2016 1902 2046 88.
1925 2011 2003 2048 Quid
2021 2013 2196 2042 centuriatus
2215 2012 2307 2051 'palam
2328 2013 2425 2042 vendi.

1315 2056 1358 2078 tos
1374 2050 1387 2078 ἰ)
1409 2048 1521 2086 Legitur
1536 2049 1562 2078 δι
1574 2049 1648 2086 apud
1663 2049 1718 2078 Liv-
1729 2058 1774 2078 22.
1790 2055 1833 2085 38.

1249 2086 1273 2117 C
1284 2096 1298 2116 Ε
1310 2096 1329 2115 Ν
1338 2096 1357 2114 τ
1369 2097 1387 2115 u
1398 2097 1415 2115 R
1426 2090 1460 2115 111
1472 2095 1508 2114 '1¹1
1520 2097 1539 2114 M
1550 2109 1557 2121 ,
1581 2084 1671 2123 [και-η.)
1685 2087 1788 2122 Ari-425]
1811 2087 1877 2116 Λᾶν.
1900 2087 1949 2116 Per
1957 2088 2104 2118 centurias.
2147 2088 2205 2118 Cic.
2220 2098 2270 2126 pro
2282 2087 2368 2118 Fiacc.
2381 2098 2423 2122 ις.

1289 2124 1447 2154 Distributis
1458 2124 1582 2161 partibus
1593 2124 1720 2154 tributim
1733 2147 1740 2160 ,
1765 2127 1790 2155 ἃ
1802 2126 1978 2154 centuriatim
1991 2126 2136 2164 descriptis
2150 2126 2298 2155 ordinibus
2309 2149 2316 2162 ,
2336 2126 2425 2156 classi-

1289 2162 1359 2194 bus,
1382 2163 1524 2197 aetatibuS,
1541 2164 1593 2193 Sec.
1616 2162 1674 2192 Liv.
1685 2167 1710 2191 6.
1725 2173 1769 2191 20.
1789 2160 1859 2192 Cum
1872 2164 2051 2193 centuriatim
2063 2164 2187 2203 populus
2196 2167 2335 2194 citaretur.
2356 2164 2422 2195 Caes.

1292 2211 1315 2237 r.
1331 2196 1396 2230 Bell.
1413 2200 1493 2230 Civil.
1506 2204 1550 2236 76.
1574 2201 1756 2230 Centuriatim
1770 2201 1898 2239 produci}
1913 2202 2025 2232 milites.

1290 2239 1475 2268 Centuriatim
1491 2239 1599 2268 dictum
1616 2239 1654 2268 est
1669 2238 1850 2268 Abundanter
1861 2241 1887 2269 ἃ
1899 2239 2029 2276 copiose,
2051 2250 2067 2269 a
2080 2239 2228 2270 Centuriis
2246 2250 2308 2278 quae
2330 2240 2424 2271 suffra-

1308 2278 1385 2314 gium
1394 2278 1422 2306 in
1434 2277 1557 2306 comitiis
1565 2276 1700 2306 ferebant.
1743 2276 1914 2313 Pomponius
1929 2278 2080 2308 Prostibulo
2091 2300 2100 2314 ,
2123 2278 2268 2308 Continuo
2277 2280 2312 2308 ad
2321 2287 2348 2309 te
2360 2289 2426 2309 cen-

1308 2316 1434 2344 turiatim
1445 2321 1574 2350 current,
1600 2315 1646 2352 qui
1657 2324 1757 2351 panem
1773 2317 1878 2353 petent.
1903 2316 2021 2346 Nonius.

1249 2352 1274 2382 C
1283 2363 1297 2382 a
1306 2363 1326 2381 N
1336 2364 1355 2381 T
1365 2364 1382 2382 u
1392 2363 1408 2382 r<
1418 2364 1427 2382 1
1439 2363 1458 2382 A
1467 2363 1504 2381 ‘ri
1516 2363 1544 2388 o,
1565 2354 1636 2382 finis.
1658 2353 1677 2382 f.
1701 2353 1759 2382 Vox
1772 2354 1846 2391 apud
1858 2353 2065 2391 agrimensores.
2085 2354 2140 2385 Sic.
2156 2354 2247 2385 Flacc.
2261 2366 2289 2392 p.
2305 2359 2347 2385 16.
2371 2356 2424 2386 Alii

1290 2392 1389 2421 dicunt
1397 2391 1532 2435 perticam
1542 2413 1550 2425 ,
1573 2391 1864 2422 ahicenturiationeiu
1874 2414 1882 2428 ,
1901 2394 1953 2422 Sic.
1973 2392 2011 2422 Et
2023 2393 2164 2431 Hygimp.
2175 2397 2238 2423 206.
2261 2394 2370 2423 Deduci
2382 2395 2425 2424 in.

1290 2436 1331 2459 tra
1346 2436 1592 2459 centuriationem.

1249 2467 1274 2497 C
1285 2478 1298 2496 a
1308 2478 1327 2496 N
1336 2469 1382 2497 τῠ
1392 2478 1409 2496 R
1419 2477 1453 2496 io
1464 2490 1471 2502 ,
1493 2468 1565 2496 onis.
1592 2467 1811 2503 [s‘zare'umg75&·
1821 2489 1828 2501 ,
1845 2468 1948 2505 homor
1963 2490 1970 2503 ,
1987 2466 2164 2504 ταξίσιξκῶι]
2189 2469 2204 2500 Α
2218 2479 2335 2499 numero
2345 2470 2425 2507 pedi-

1289 2513 1351 2535 tum
1364 2506 1410 2535 cui
1419 2506 1448 2534 iri
1459 2505 1559 2534 militia
1567 2510 1691 2543 praeerat.
1734 2505 1773 2534 Ab
1785 2506 1908 2543 antiquis
1923 2505 2068 2535 dicebatur
2078 2507 2276 2543 Centurionus‚
2297 2508 2364 2537 teste
2376 2508 2425 2538 Fe-

1289 2544 1338 2573 sto.
1361 2544 1418 2580 Qui
1428 2544 1562 2573 centuriae
1579 2545 1712 2584 prQerat,
1735 2543 1806 2581 quali
1821 2543 1929 2573 durftor.
1961 2543 2025 2573 Caes.
2044 2555 2065 2573 1.
2079 2544 2146 2574 Bell.
2161 2545 2231 2574 Gall.
2249 2555 2290 2581 39.
2316 2546 2425 2577 Horum

1289 2582 1409 2611 vocibus
1421 2592 1452 2611 ac
1462 2582 1563 2610 timore
1575 2603 1583 2616 ,
1605 2581 1738 2619 paulatim
1748 2582 1833 2611 etiam
1842 2582 1881 2617 hi,
1899 2583 1945 2620 qui
1959 2592 2091 2619 magnum
2104 2584 2136 2611 ‘in
2149 2583 2240 2612 castris
2252 2583 2328 2613 usum
2341 2584 2424 2613 habe-

1288 2620 1357 2649 bant
1378 2620 1482 2649 milites
1495 2641 1502 2654 ‚
1537 2619 1769 2657 centurionesque
1780 2642 1787 2654 ,
1819 2621 1921 2657 quique
1948 2621 2083 2657 equitatui
2103 2629 2239 2659 praeerant
2251 2644 2258 2657 ‚
2281 2622 2425 2659 perturba-

1290 2658 1398 2687 bantur.
1443 2658 1526 2686 Erant
1536 2664 1630 2686 autem
1647 2658 1676 2686 in
1689 2657 1800 2694 singulis
1812 2657 1965 2695 manipulis
1983 2658 2041 2687 bini
2052 2680 2060 2693 ,
2082 2659 2228 2689 ordinibus
2239 2682 2247 2695 ‚
2275 2661 2320 2689 seu
2337 2661 2423 2696 gradu

1286 2697 1363 2730 ¹inter
1374 2696 1400 2725 se
1412 2696 1542 2724 distineri.
1586 2696 1660 2725 Hinc
1671 2696 1810 2725 Omnium
1821 2696 1951 2725 ordinum
1964 2697 2147 2726 centuriones
2165 2705 2303 2727 memorat
2323 2698 2422 2728 Caesar.

1290 2734 1339 2764 lib.
1357 2744 1378 2763 i.
1392 2734 1426 2762 de
1439 2732 1505 2763 Bell.
1520 2733 1591 2762 Gall.
1606 2743 1650 2768 40.
1662 2744 1705 2771 pr.
1730 2734 1802 2762 Alibi
1817 2734 2004 2764 Centuriones
2012 2735 2170 2772 primorum
2184 2736 2322 2765 ordinum.
2344 2736 2424 2767 Idem

1290 2772 1338 2801 lib.
1358 2783 1378 2801 i.
1393 2772 1428 2801 de
1441 2771 1507 2801 Bell.
1523 2769 1591 2800 Gall.
1607 2782 1666 2808 cap.
1679 2777 1724 2806 4'1.
1746 2772 1784 2801 Ac
1794 2773 1948 2809 primorum
1959 2773 2090 2802 ordinum
2102 2775 2288 2803 centuriones.
2326 2774 2422 2810 idem,

1289 2810 1435 2848 „Iustusque
1445 2810 1582 2839 Catonius
1600 2811 1681 2845 primi
1695 2809 1803 2839 ordinis
1813 2812 1950 2839 centurio.
1964 2810 2122 2848 [Suspeet]
2142 2812 2174 2840 Hi
2188 2819 2280 2841 autem
2291 2811 2368 2847 sunt,
2391 2819 2424 2842 ut

1289 2850 1327 2878 ait
1339 2848 1489 2878 Turnebus
1504 2848 1743 2882 rinvel-maesti.
1751 2848 1884 2878 Centurio
1893 2848 2036 2886 primipili,
2051 2850 2154 2878 Primus
2166 2850 2304 2887 princeps.
2316 2850 2423 2880 Primfis

1291 2887 1420 2921 hastatus,
1432 2896 1549 2923 quorum
1561 2886 1651 2921 maior
1661 2893 1718 2915 erat
1731 2886 1853 2923 dignitas
1864 2887 1893 2915 in
1904 2887 2026 2923 legione.
2037 2886 2068 2916 V.
2075 2886 2151 2925 ‘Lips
2164 2888 2200 2916 de
2210 2887 2421 2923 Mii.Ron1.2.g.

1291 2925 1407 2955 Hircosa
1437 2934 1485 2953 ens
1500 2925 1707 2954 centurionum.
1730 2923 1798 2953 Pers.
1813 2934 1836 2958 3.
1849 2925 1905 2954 Sat.
1919 2934 1963 2962 77.

1291 2934 1586 2999 niagnicgnturiones.
1611 2962 1676 2992 Hor.
1694 2972 1716 2991 i.
1729 2962 1816 2992 Serm.
1829 2967 1855 2992 6.
1869 2972 1913 2999 73.

1290 3000 1478 3030 Centuriones
1487 3000 1611 3030 varicosi.
1653 2999 1721 3030 Pers.
1734 3011 1758 3037 ς.
1772 3001 1827 3030 Sat.
1841 3007 1902 3037 189.
1927 3000 1993 3038 Quo
2003 3001 2038 3030 'in
2052 3001 2116 3030 loco
2125 3000 2267 3031 Varicosos
2278 3001 2360 3040 ponit
2370 3012 2422 3040 pro

1312 3038 1393 3067 Duris
1407 3040 1431 3067 81
1446 3037 1598 3067 laboriolis.

1290 3076 1322 3106 Iri
1335 3076 1521 3106 Centuriones
1536 3076 1675 3106 in'vadere.
1697 3075 1788 3106 Tacit.
1804 3086 1826 3105 1.
1844 3077 1913 3105 Anti.
1931 3085 1974 3111 32.

1290 3115 1496 3149 Centuriones,
1515 3115 1575 3151 vite
1587 3114 1690 3144 milites
1705 3114 1902 3152 delinquentes
1924 3114 2078 3144 caedebant.
2119 3113 2220 3150 Juven.
2240 3114 2295 3144 Sat.
2313 3120 2339 3148 8.
2355 3124 2420 3152 ²47-

1309 3153 1345 3181 de
1358 3149 1458 3181 Mario.
1501 3152 1629 3182 Piin.lib.
1647 3163 1688 3187 14-
1698 3162 1760 3190 cap.
1776 3163 1797 3181 1.
1822 3152 2025 3181 Centurionum
2037 3153 2065 3180 in
2076 3161 2160 3181 manu
2175 3153 2253 3186 vitis,
2276 3154 2301 3182 &
2323 3154 2421 3190 opimo

1309 3191 1426 3228 praemio
1441 3190 1534 3219 tardos
1546 3191 1660 3220 ordines
1673 3191 1708 3219 ad
1719 3190 1809 3220 lentas
1821 3191 1953 3228 perducit
1966 3190 2069 3227 aquilas
2084 3212 2093 3225 ,
2115 3197 2197 3227 atque
2216 3191 2299 3220 etiam
2311 3191 2340 3220 in
2352 3192 2423 3222 deli-

1310 3229 1362 3257 ciis
1375 3238 1489 3266 poenam
1500 3228 1584 3266 ipsam
1598 3229 1724 3258 honorat.
1924 3261 1930 3272 1

1252 3266 1299 3296 ῦίῑ
1310 3276 1329 3294 Ν
1339 3276 1358 3295 τ
1366 3276 1385 3295 υ
1395 3276 1410 3295 a
1419 3277 1427 3295 i
1437 3276 1454 3295 o
1465 3276 1485 3294 N
1495 3269 1512 3294 K
1523 3276 1541 3295 r
1552 3277 1569 3295 υ
1580 3276 1592 3295 s
1603 3289 1610 3301 ,
1630 3269 1669 3295 ns.
1686 3276 1723 3296 m.
1746 3265 1974 3301 [ἑν-οιπνταιςχιι]
1995 3264 2073 3294 Idem
2084 3265 2160 3302 quod
2172 3265 2358 3297 Centuriatus.
2380 3273 2421 3305 ut,

1296 3302 1381 3341 Agere
1393 3305 1630 3334 centurionatum.
1652 3304 1743 3333 Tacit.
1760 3314 1780 3332 r.
1797 3305 1865 3332 nnn.
1879 3315 1924 3338 4⁴·

1254 3342 1278 3372 C
1289 3352 1303 3371 rr
1312 3352 1332 3371 N
1342 3352 1361 3370 ’r
1370 3352 1387 3371 u
1397 3352 1408 3371 s
1417 3352 1470 3372 sis
1479 3364 1487 3378 ‚
1502 3343 1533 3371 is.
1551 3352 1588 3372 m.
1607 3342 1721 3371 Nummi
1732 3341 1836 3378 species
1846 3341 1880 3369 ad
1891 3346 2006 3369 centum
2015 3338 2112 3369 allium
2122 3339 2255 3372 valorem.
2278 3348 2310 3372 ut
2319 3365 2327 3379 ,
2348 3343 2423 3375 Cen-

1293 3379 1470 3410 tuffelicetur
1482 3401 1491 3415 ,
1513 3381 1531 3408 i.
1545 3390 1568 3408 e.
1593 3379 1713 3409 Centum
1725 3379 1825 3408 assibus
1844 3378 1965 3407 aestimet.
1990 3377 2058 3407 Pers.
2075 3389 2099 3414 ς.
2113 3379 2168 3408 Sat.
2182 3389 2244 3415 19¹·

1373 3418 1406 3451 Et
1417 3424 1531 3447 centum
1543 3418 1653 3447 Graecos
1665 3427 1745 3447 curto
1757 3415 1880 3445 centusse
1890 3415 1998 3444 licetur.

1292 3454 1431 3485 Centussis
1441 3478 1449 3491 ,
1471 3457 1562 3493 inquit
1575 3456 1692 3485 Budaeus
1705 3477 1712 3486 .
1735 3454 1809 3492 apud
1823 3453 1960 3482 Lucilium
1970 3475 1976 3486 ,
1998 3452 2189 3490 Quadraginta
2200 3455 2310 3485 sestertii
2320 3463 2399 3488 erant
2410 3482 2420 3496 ‚

1311 3494 1358 3531 qui
1368 3494 1470 3531 Legem
1481 3493 1677 3531 sumptuariam
1696 3490 1856 3521 Centussem
1867 3491 2016 3526 vocitavit,
2039 3491 2076 3519 ob
2096 3499 2211 3522 centum
2231 3494 2327 3524 affium
2344 3502 2422 3527 taxa.

1311 3532 1418 3561 tionem
1433 3554 1440 3566 ,
1463 3539 1493 3560 ut
1506 3533 1600 3560 auctor
1611 3531 1649 3559 est
1661 3530 1787 3559 Macrob.
1800 3530 1829 3557 in
1844 3538 1867 3565 3.
1878 3530 1986 3558 Saturn.
2000 3539 2062 3567 cap.
2077 3535 2118 3566 1'7.
2142 3531 2219 3560 Idem
2233 3531 2351 3562 ssudaeus
2364 3534 2421 3564 alio

1308 3569 1390 3603 loco,
1413 3569 1572 3599 Centusi‘em
1581 3570 1675 3597 dicere
1691 3567 1832 3605 poffumus
1851 3577 1900 3604 pro
1920 3577 1952 3595 ea
1965 3566 2081 3600 summa,
2102 3577 2184 3604 quam
2202 3569 2315 3600 alternis
2331 3582 2422 3611 prope

1310 3608 1402 3636 verbis
1417 3607 1607 3644 Negotiatores
1619 3613 1735 3634 centum
1745 3604 1848 3634 solidos
1860 3604 2019 3642 appellant,
2035 3613 2072 3648 >qut
2087 3605 2231 3636 Decuffem
2247 3618 2298 3645 pro
2312 3610 2422 3641 decem.

1251 3645 1276 3675 C
1286 3646 1301 3674 ἰι
1311 3655 1331 3674 N
1340 3648 1385 3674 Τῠ
1397 3646 1431 3673 ai
1443 3655 1455 3673 P
1466 3655 1487 3677 r..
1500 3654 1537 3673 es.
1548 3644 1566 3672 f.
1578 3644 1632 3673 ssve
1643 3642 1664 3672 C
1676 3653 1688 3671 ε
1700 3650 1718 3671 Ν
1727 3653 1746 3670 T
1757 3653 1775 3671 υ
1785 3643 1840 3671 air
1850 3653 1883 3676 ω,
1898 3652 1984 3672 arum.
1995 3643 2055 3680 spi.
2070 3643 2249 3679 [Κειτκφέπια
2264 3646 2422 3685 Ptolemaeo,

1293 3685 1437 3714 κεντάμπα
1459 3682 1543 3716 aliis]
1565 3681 1713 3719 Oppidum
1730 3680 1768 3709 est
1778 3680 1896 3714 Siciliae,
1918 3680 1967 3709 sub
1981 3681 2061 3710 ffitna
2078 3689 2194 3718 monte,
2216 3684 2356 3720 Symtetho
2374 3687 2424 3716 flu-

1294 3722 1361 3756 vio,
1383 3721 1408 3750 St
1421 3720 1531 3753 Catanze
1543 3719 1603 3748 urbi
1617 3719 1794 3756 proyimum,
1817 3725 1847 3747 ut
1866 3718 1951 3747 tradit
1971 3719 2069 3748 Strabo
2090 3718 2142 3749 iib.
2155 3724 2181 3749 6.
2202 3721 2254 3750 Vix
2276 3722 2376 3759 legitur
2392 3725 2423 3753 in

1291 3760 1411 3788 'numero
1425 3756 1561 3794 singulari.
1602 3756 1671 3786 Piin.
1689 3766 1699 3790 3
1711 3766 1732 3784 i.
1743 3758 1772 3791 ¹7.
1802 3756 1955 3793 Purpureus
1976 3756 2011 3785 sal
2033 3757 2193 3797 Centuripis
2209 3761 2341 3797 gignitur.
2373 3762 2421 3792 Sil.

1293 3796 1353 3826 Ital.
1365 3795 1412 3824 lib.
1432 3805 1472 3829 14.
1490 3803 1552 3828 τοι.
1634 3809 1672 3814 ——
1682 3803 1794 3822 necnon
1803 3795 1827 3823 61
1837 3795 1940 3823 vertice
1951 3794 2023 3823 celso

1387 3832 1555 3869 Centuripae.
1637 3832 1679 3861 De
1689 3833 1743 3860 hoc
1756 3832 1864 3869 oppido
1873 3833 1929 3869 agit
1939 3833 2048 3862 Cluver.
2062 3843 2088 3863 2.
2106 3834 2161 3863 Sic.
2176 3836 2236 3863 Ant.
2247 3844 2309 3873 cap.
2324 3839 2350 3865 6.

1257 3871 1544 3937 (Σᾳῖ-ςυιιιρῖΝι,
1568 3868 1784 3908 Centuriparum
1802 3870 1920 3908 populi,
1941 3870 2046 3901 Larinae
2065 3872 2239 3903 conditionis
2258 3874 2334 3912 apud
2354 3874 2424 3906 Plin.

1295 3909 1314 3938 ii
1338 3931 1344 3938 .
1377 3931 1382 3937 .
1397 3917 1429 3937 ca
1452 3930 1458 3937 .
1472 3912 1497 3942 8.
1861 3939 1863 3941 ,

1255 3918 1495 3984 erasusspis,
1516 3944 1729 3979 incautum
1747 3945 1834 4016 paulp
1851 3944 1942 3984 ⁴supra.
2304 3987 2327 4017 C

1840 3994 1859 4024 P
1868 3993 1888 4022 P
2335 3997 2404 4018 son
2414 4010 2425 4025 ‚
