2600 4177
511 85 541 121 G
638 87 672 121 O
770 85 801 119 R

68 165 92 196 C
102 177 118 233 111
127 175 168 233 {a
177 167 195 196 ὓ
204 177 223 196 n
233 175 251 196 A
262 188 270 202 ‚
291 176 321 197 ae.
345 168 364 198 f.
386 166 504 204 [ἵξμενος
521 164 622 202 ἔκιες]
643 167 776 196 Silvestris
788 166 932 204 asparagus
943 172 1067 197 vocatur.
1090 165 1229 197 Columel.

119 207 126 234 i
149 227 155 233 .
173 215 215 233 10.
267 209 292 234 6.

199 214 293 271 Ρτξέὶὶε
303 243 328 271 ἃ
339 242 457 277 asparagi
470 241 585 270 corruda
598 240 735 270 simillima
748 240 805 270 filo.
902 241 985 270 Varro
1002 252 1022 270 1.
1035 242 1070 270 de
1080 240 1111 270 R.
1126 241 1156 270 R.
1169 250 1230 278 cap.

106 286 152 311 23.
174 279 252 309 Sicut
264 279 396 308 umbrofis
412 279 480 307 locis
489 278 540 306 alia
554 278 624 307 seras
636 300 643 312 ‚
667 286 695 307 ut
707 279 822 308 corruda
835 301 841 312 ,
865 280 938 313 quod
953 281 988 308 ita
998 280 1067 315 petit
1077 280 1228 315 asparagus.

106 316 291 346 Plin.lib.20.
309 326 369 354 cap.
386 326 427 344 10.
451 315 606 344 silvestrem
625 316 782 353 asparagum
798 316 881 352 aliqui
901 319 1047 346 corrudam
1060 338 1067 350 ,
1090 318 1173 351 aliqui
1189 317 1232 345 Li-

107 353 211 390 bycum
231 361 351 387 vocant,
374 353 455 382 Attici
472 352 648 382 liormeniim.
683 354 765 384 llard.
791 354 836 383 hic
853 353 875 384 so*
894 355 984 392 Aliqui
1006 354 1152 383 corrudam
1171 363 1231 382 non

110 392 240 428 agnoscit..
264 391 295 420 V.
319 390 385 419 Plin.
399 400 423 424 9.
439 395 464 421 5³.
488 390 624 420 Columel.
636 391 684 420 lib.
698 402 737 420 11.
755 402 815 429 cap.
831 401 853 428 3.

71 424 94 457 C
104 438 120 457 o
129 439 145 457 a.
156 439 170 457 a
181 433 198 458 ῦ
209 439 226 457 e
237 439 254 458 o
267 450 274 463 ‚
295 426 421 463 [bunnia]
441 431 495 456 are.
518 428 548 457 In
561 438 638 465 rugas
649 430 822 458 contrahere.
845 435 893 465 ut,
917 429 1069 466 Corrugare
1093 429 1213 459 frontem
1223 449 1231 464 ‚

108 466 185 502 apud
197 466 320 495 Plautum
330 486 338 499 ,
359 465 434 500 quod
446 465 535 494 solent
547 467 593 503 qui
605 466 666 496 sunt
677 467 771 496 tristes.

107 504 203 534 Nares.
225 503 291 533 Hor.
308 512 330 531 1.
350 502 431 539 Epist.
450 514 474 538 5.
489 512 534 533 22.
631 513 803 542 —neturpe
819 503 908 538 toral,
931 513 966 533 ne
977 503 1085 533 sordida
1095 513 1198 542 mappa

186 541 323 577 Corruget
343 550 432 570 nareS.

106 577 292 615 Corrugatum
302 578 423 607 acinum.
447 578 585 608 Columel.
598 579 646 609 lib.
662 589 702 609 12.
715 589 775 617 cap.
791 588 834 615 39.
858 579 910 607 Ubi
924 578 986 608 satis
999 584 1143 616 corrugata
1152 583 1234 607 erunt

127 616 206 645 acina
217 636 226 651 ‚
247 615 352 644 demito
363 637 372 651 ,
394 618 419 645 ἃ
431 616 487 646 sine
497 616 669 654 scipionibus
680 618 709 646 in
721 617 828 646 dolium
841 617 973 651 conjicito
984 638 992 651 ,
1006 618 1056 645 ἃς.

70 653 120 683 Co
132 662 173 682 1111
183 663 199 681 u
209 663 227 682 c
238 663 256 681 u
267 662 278 682 s
288 675 295 689 ‚
316 652 527 690 [ωνοχέτώσπς]
548 655 615 690 quid
630 655 783 692 significet,
814 654 937 683 declarat
952 654 1055 683 Plinius
1078 654 1120 683 his
1140 653 1232 683 verbis

107 690 157 720 lib.
173 699 216 727 33.
228 700 289 728 cap.
307 701 333 727 4.
374 692 448 720 Alius
463 701 511 729 par
530 690 624 727 labor,
646 702 679 721 ac
699 692 743 721 vel
757 692 870 727 majoris
888 692 1042 729 impendii,
1064 691 1179 720 flumina
1198 691 1234 720 ad

106 727 256 758 lavandam
267 730 339 758 hanc
350 730 458 758 ruinam
470 730 542 767 jugis
550 731 689 760 montium
700 730 802 758 ducere
813 730 902 758 obiter
914 740 929 759 a
943 729 1094 759 centesimo
1113 729 1235 766 plerum-

109 776 163 803 que
172 766 283 804 lapide:
305 776 436 804 corrugos
446 773 566 803 vocant,
588 777 603 796 a
617 767 803 796 corrivatione
818 767 912 796 credo.

70 804 94 833 'C
105 814 121 833 ο
130 813 145 832 a
157 814 173 832 R
183 814 199 833 u
212 816 232 833 Μ
241 814 255 833 1³
265 814 282 833 o
294 826 302 839 ,
322 805 384 842 ri'ipi
396 825 404 839 ,
427 811 539 842 ruptum
551 827 559 840 ‚
578 806 711 841 [φθέρω.
730 800 875 840 ἔλιφφθεέςω
885 827 893 840 ,
914 803 1020 840 ςροτίρω]
1040 805 1095 833 ere.
1118 803 1233 833 Vitiare:

107 848 165 871 tam
175 841 209 870 ad
225 843 365 877 animum,
389 851 471 880 quam
489 843 524 872 ad
539 852 640 880 corpus
650 842 776 871 refertur.
813 842 882 872 Plin.
898 842 947 872 lib.
963 851 1005 878 ¹3-
1021 851 1083 880 cap.
1097 851 1142 871 22.
1163 842 1235 878 Quae

107 888 162 909 nec
173 890 242 916 aqua
257 903 264 915 ,
286 890 321 909 ne
330 881 389 917 igni
402 879 490 917 posset
500 881 650 917 corrumpi.

107 916 294 956 corrumpere
305 920 331 947 ἃ
342 917 500 946 interimere
512 917 618 947 tabulas
627 916 762 954 publicas.
786 916 844 947 Cic.
858 927 886 953 4.
902 917 977 947 Verr.
992 927 1054 953 104.

107 955 294 994 Corrumpere
305 957 330 985 6<
344 956 501 993 depravare.
524 956 582 985 Cic.
595 965 647 993 pro
657 955 766 985 Muren.
782 963 826 991 27.

107 992 226 1023 Deliniri
239 995 264 1023 Sc
275 994 413 1030 corrumpi
426 992 567 1022 blanditiis
578 992 752 1031 praesentium
763 993 947 1030 voluptatum.
969 992 1028 1021 Cic.
1043 1002 1066 1021 1.
1078 991 1114 1021 de
1124 991 1233 1027 Fin.33.

106 1031 294 1069 corrumpere
309 1031 440 1068 aliquem.
463 1031 599 1060 Paulusin
611 1031 629 1060 l.
646 1037 677 1059 ut
687 1036 804 1059 tantum.
820 1031 841 1068 §.
856 1030 873 1060 si
884 1029 984 1059 servus.
999 1030 1032 1059 D.
1046 1031 1081 1059 de
1091 1030 1168 1059 servo
1177 1040 1236 1059 cor*

128 1075 211 1106 rupto
221 1089 230 1103 ,
252 1069 365 1097 Perinde
375 1076 456 1105 atque
470 1068 487 1097 ii
500 1069 628 1106 proprius
639 1077 718 1098 meus
728 1067 819 1097 servus
835 1068 998 1105 corrupisset
1007 1067 1181 1097 conservum.

108 1106 297 1173 Cgrrumpere
320 1106 442 1143 aliquem
465 1106 679 1144 largitionibus,
699 1106 819 1144 pecunia
835 1127 844 1141 ,
870 1106 971 1143 pretio.
993 1106 1053 1135 Cic.
1063 1115 1088 1135 2.
1112 1104 1170 1135 Off.
1191 1113 1234 1142 53.

151 1151 162 1172 t
172 1154 221 1181 pro
232 1145 334 1173 Czecin.
352 1154 395 1180 72.

106 1180 242 1211 Pollicitis
257 1182 386 1218 aliquem.
412 1181 496 1212 Ovid.
512 1181 584 1210 1.ὀο
600 1181 664 1210 Arte
676 1181 808 1217 Λ111.;ςς.

107 1219 253 1249 Solicitare
265 1220 368 1254 verbis,
378 1219 425 1257 spe
440 1218 612 1257 praemiisque
622 1227 798 1256 corrumpere
811 1217 942 1257 aliquem.
956 1218 1015 1249 Cic.
1027 1228 1080 1257 pro
1092 1217 1234 1255 Deiot.32.

106 1257 294 1296 Corrumpere
304 1258 426 1294 aliquem
441 1266 476 1286 ex
488 1256 606 1294 optimo.
629 1256 716 1286 Plaut.
735 1256 844 1286 Mostel.
859 1267 883 1287 1«.
899 1269 922 1288 1.
934 1265 979 1294 79.

304 1312 340 1316 —-
353 1305 416 1324 nam
427 1303 525 1323 eccum
535 1293 652 1323 herilem
663 1293 754 1323 filiurn

201 1333 292 1363 Video
303 1339 465 1370 corruptum
476 1331 521 1360 hic
533 1341 568 1360 ex
578 1332 754 1362 adolescente
768 1332 886 1370 optimo.

108 1371 240 1403 Animum
257 1373 381 1401 &mores
395 1369 522 1406 aiicujus.
545 1370 602 1399 Cic.
618 1379 642 1406 3.
657 1371 693 1399 de
704 1370 800 1408 Legib.

108 1411 186 1447 Aqua
195 1409 323 1438 conclusa
334 1408 416 1438 facile
426 1408 622 1444 corrumpitur.
647 1407 704 1437 Cic.
718 1417 743 1437 2.
756 1408 791 1437 de
804 1408 866 1437 Nat.
881 1408 963 1438 Deor.
977 1416 1023 1439 2ο.

108 1448 191 1477 Attus
207 1455 318 1477 teneros
328 1455 506 1483 corrumpere
516 1445 647 1475 febribus.
671 1446 755 1476 Ovid.
767 1455 812 1475 2ο.
822 1446 906 1483 Epist.
922 1456 933 1475 1
942 1455 983 1483 17.

108 1485 300 1523 chirographa
309 1484 468 1513 debitorum
481 1493 667 1521 corrumpere.
706 1483 820 1520 Ulpian.
836 1485 866 1513 in
884 1485 903 1513 l.
916 1484 1053 1514 Neratius.
1066 1483 1100 1514 D.
1113 1483 1149 1514 de
1158 1482 1235 1514 servo

125 1529 259 1589 {orrupto
270 1544 290 1589 ,b
299 1522 385 1552 Servo
397 1521 531 1559 persuasi,
553 1527 586 1551 ut
597 1521 782 1559 chirographa
791 1522 952 1552 debitorum
970 1529 1141 1560 corrumpat,
1162 1523 1237 1552 vide-

140 1567 195 1589 icet
205 1568 271 1589 tene
292 1570 331 1589 or.

63 1625 67 1628 .
106 1597 264 1628 Con-silium
273 1597 419 1636 publicum
429 1606 616 1635 corrumpere.
656 1596 764 1627 Sallust.
786 1596 816 1627 in
834 1598 970 1628 Oratione
988 1607 1074 1635 quam
1090 1596 1187 1627 habuit
1206 1596 1236 1626 in

129 1637 242 1666 Senatu.

108 1673 219 1713 Corpus
230 1678 413 1712 corrumpunt
423 1673 489 1703 otia.
515 1673 600 1703 Ovid.
615 1683 639 1702 1.
651 1673 687 1702 de
701 1673 780 1702 Pont.
794 1681 818 1708 ς.
832 1682 857 1708 ς.
1135 1705 1136 1709 ¹

106 1712 213 1742 Curam
223 1713 359 1743 comitum
370 1721 565 1749 corrumpere.
588 1711 711 1741 Subaudi
728 1712 826 1741 Pretio.
850 1710 936 1741 Ovid.
955 1715 981 1740 6.
996 1711 1066 1741 Met.
1080 1713 1146 1745 461.

107 1750 272 1789 Emptorem
283 1759 460 1788 corrumpere
470 1757 527 1779 arte
543 1749 627 1779 vafra.
648 1749 769 1779 Martial.
781 1750 830 1780 lib.
845 1759 887 1779 12.
903 1754 948 1787 67.
988 1750 1006 1779 i.
1017 1760 1041 1780 0.
1064 1749 1190 1779 Allicere.

107 1787 229 1824 Fontes,
253 1789 398 1818 Pabulum.
430 1787 535 1816 Sallust.
554 1787 718 1824 inJiigurth.
729 1798 789 1825 cap.
806 1799 849 1823 ςς.
860 1794 930 1817 extr.
952 1788 1015 1824 Qua
1026 1794 1176 1817 venturum
1187 1787 1238 1816 ho-

127 1827 197 1856 stem
207 1826 340 1862 audieiat,
361 1824 496 1864 pabulum
514 1826 540 1855 δε
553 1835 688 1863 aquarum
701 1826 805 1861 fontes,
828 1836 948 1863 quorum
957 1827 1074 1864 penuria
1087 1832 1155 1861 erat,
1178 1834 1238 1854 cor-

128 1875 189 1894 rum
214 1874 268 1894 ere.

108 1875 250 1933 Fruetgm.
274 1902 417 1932 Africanus
428 1901 456 1932 in
469 1901 488 1931 l.
504 1900 606 1932 &haec
632 1902 654 1939 §.
673 1911 759 1938 quum
771 1901 903 1931 fundum.
917 1902 950 1931 D.
965 1901 1067 1937 locati,
1089 1902 1133 1931 Tu
1152 1910 1238 1938 quum

129 1951 219 1971 annus
232 1948 296 1970 tuus
305 1941 430 1969 exiturus
441 1939 508 1969 esset
519 1961 526 1975 ‚
547 1939 676 1969 consulto
687 1940 987 1977 fructuniinsequentis
1006 1940 1070 1969 anni
1083 1940 1235 1976 corrupisti.

107 1978 367 2017 Ignicorrumpere.
409 1972 513 2007 Sallust.
526 1976 654 2014 Jugurth.
672 1982 715 2014 76.
733 1986 801 2006 extr.
823 1978 945 2008 Ibivino
964 1980 989 2008 &
1007 1978 1097 2015 epulis
1109 1977 1235 2013 onerati,

132 2016 235 2054 illaque
247 2018 273 2046 &
287 2017 403 2045 domum
424 2017 450 2046 ἃ
467 2015 552 2045 semet
563 2016 621 2052 igni
632 2021 826 2052 corrumpunt.

108 2053 674 2093 LittiiuraspublicasCic.4.Verr.90.lliunt
684 2054 718 2083 ab
728 2063 761 2082 eo
770 2054 874 2083 litteras
881 2053 1009 2092 publicas
1020 2053 1074 2084 effe
1084 2058 1235 2090 corruptas.

109 2093 214 2124 Manus
230 2092 384 2130 corrumpit
394 2097 500 2121 catena.
523 2091 645 2129 Propert.
659 2091 710 2121 lib.
722 2092 750 2128 3.
763 2102 805 2129 ις.
819 2101 864 2122 20.

69 2161 72 2164 .
110 2131 232 2162 Mentes.
257 2130 342 2160 Ovid.
355 2139 381 2159 2.
393 2129 474 2158 Trist.
486 2138 548 2165 30¹·

192 2169 296 2198 Omnia
307 2167 445 2205 perversas
456 2167 570 2205 possunt
579 2176 759 2206 corrumpere
771 2172 887 2198 mentes.

109 2206 227 2237 ocellos
236 2206 374 2244 lacrymis.
397 2205 481 2235 Ovid.
492 2215 515 2242 3.
528 2207 618 2235 Amor.
631 2210 656 2236 6.
670 2215 714 2242 ς7.

109 2245 227 2276 Oculos.
251 2244 335 2273 Plaut.
347 2242 434 2273 Merc.
451 2252 474 2280 3.
491 2253 514 2272 1.
531 2252 556 2279 3.

191 2283 218 2312 N
221 2292 235 2312 e
246 2281 324 2319 plora
335 2303 343 2317 ‚
364 2281 484 2310 nimium
496 2280 575 2311 stulte
585 2281 652 2310 facis
664 2304 672 2315 ,
693 2281 792 2312 oculos
801 2281 1053 2321 corrumpis'taleis.

109 2320 304 2359 opinionibus
315 2319 405 2357 pravis
420 2320 570 2357 corrumpi.
594 2319 651 2348 Cic.
663 2321 692 2348 in
709 2321 798 2349 Partit.
812 2330 858 2354 9¹-

109 2359 354 2397 opportunitates.
395 2357 501 2387 Sallust.
521 2360 551 2387 in
565 2356 647 2386 Cati-l.
664 2366 709 2394 43.
731 2357 871 2394 Cethegus
892 2357 1002 2395 semper
1017 2357 1184 2395 querebatur
1204 2358 1240 2388 de

128 2396 401 2435 ignaviasociorum,
422 2394 670 2432 illosdubitandO,
693 2397 719 2426 &
737 2396 797 2426 dies
817 2395 985 2433 prolatando
1006 2405 1119 2434 magnas
1137 2404 1241 2434 oppor-

126 2435 263 2464 tunitates
275 2443 462 2471 corrumpere.

110 2471 200 2504 Pisces
214 2479 439 2509 corrumpuntur.
458 2470 524 2500 Ter.
537 2469 614 2499 Adel.
629 2478 654 2506 3.
664 2478 689 2506 3.
703 2472 748 2500 66.
849 2487 887 2492 —
904 2470 992 2508 pisces
1004 2481 1040 2502 ex
1049 2470 1186 2501 sententia

110 2543 114 2546 ,
193 2510 297 2540 Nactus
307 2509 365 2539 sum
375 2531 384 2545 ,
404 2509 432 2538 hi
441 2508 511 2538 mihi
522 2517 558 2536 ne
568 2515 782 2545 corrumpantur
792 2509 885 2538 cautio
898 2509 945 2538 est.

110 2548 185 2580 Rem
193 2548 366 2578 familiarem.
406 2546 514 2577 Sallust.
531 2546 561 2574 in
575 2545 703 2583 jugurth.
725 2546 800 2582 Quia
816 2547 999 2576 diuturnitate
1013 2545 1081 2576 belli
1104 2556 1147 2576 res
1163 2545 1242 2576 fami-

131 2587 212 2616 liares
222 2590 411 2623 corruperant.

110 2625 434 2662 Seipsumcorrumpere.
457 2622 542 2652 Plaut.
553 2621 641 2651 Mero.
655 2630 678 2658 3.
692 2630 718 2651 2,
735 2631 758 2651 1.

107 2663 226 2693 Servum
246 2661 659 2697 haereditariumicorrumpere.
683 2659 793 2698 Ulpian.
813 2659 844 2688 in
864 2660 882 2689 l.
900 2660 961 2689 haec
980 2660 1063 2693 aetio.
1084 2660 1107 2696 §-
1122 2660 1169 2690 sed
1182 2661 1208 2690 &
1221 2659 1240 2692 si

128 2701 203 2739 quis.
223 2700 257 2729 D.
273 2700 308 2729 de
321 2699 396 2729 servo
406 2704 538 2736 corrupto
553 2720 561 2734 ,
581 2698 637 2728 Sed
652 2699 679 2728 δι
695 2698 712 2727 si
724 2698 785 2735 quis
797 2697 906 2728 servum
922 2697 1131 2729 haereditarium
1148 2708 1242 2730 corru-

128 2739 204 2777 perit
215 2760 222 2773 ,
243 2737 295 2767 hac
307 2738 417 2767 actione
429 2736 580 2766 tenebitur.

109 2776 174 2807 'Situ
185 2776 336 2813 corrumpi.
360 2775 444 2804 Plaut.
457 2774 537 2804 Cure.
553 2785 577 2811 5.
588 2783 614 2804 2.
628 2783 653 2810 3.

109 2816 197 2853 Spem
207 2823 385 2851 corrumpere
395 2813 500 2842 fraude.
523 2813 607 2842 Ovid.
619 2821 664 2841 21.
680 2810 764 2849 Epist.
780 2821 841 2849 127.

108 2852 264 2889 >stipulatio
273 2851 468 2889 corrumpitur.
490 2850 509 2880 l.
525 2860 550 2880 2.
566 2850 601 2880 D.
614 2851 650 2880 de
661 2849 750 2879 servit.
763 2849 818 2888 leg.

112 2891 187 2919 Vitio
197 2889 346 2927 corrumpi.
369 2889 477 2918 Lucret.
491 2887 539 2917 lib.
554 2892 580 2918 6.
597 2897 639 2924 17.
878 2919 879 2922 Ἰ

76 2956 79 2957 .
111 2927 226 2966 Ungues
239 2937 418 2962 corrumpere
432 2924 580 2961 dentibus,
602 2926 722 2956 Rodere.
744 2925 866 2962 Propert.
877 2923 925 2954 lib.
940 2934 967 2955 2,
979 2936 1007 2961 4.
1018 2933 1043 2962 3.

111 2967 296 3003 eorrumpere
307 2987 315 2998 ,
336 2965 460 2994 absolute
472 2966 497 2994 &
509 2964 565 2994 fine
576 2965 704 3001 adje6to‚
726 2973 777 3001 pro
791 2962 932 2993 moechari
946 2984 956 2999 ,
975 2966 1004 2994 ἃ
1025 2963 1183 2995 adulterum
1201 2963 1241 2996 es-

131 3004 170 3035 se.
190 3002 314 3034 Martial.
330 3002 378 3032 lib.
395 3012 436 3032 12.
451 3006 496 3036 63·

206 3042 318 3072 Ferrem
329 3063 337 3074 ,
359 3041 375 3069 si
390 3041 496 3070 faceret
505 3039 596 3068 bonus
604 3038 685 3068 Poeta
695 3061 704 3074 ,

205 3076 261 3109 'Cui
274 3078 378 3117 possem
394 3076 459 3108 dare
472 3083 585 3107 mutuos
598 3077 719 3106 honores
731 3085 739 3106 ε
877 3109 881 3113 st

141 3146 151 3154 ,¹
207 3116 369 3154 Corrumpit
387 3116 444 3146 fine
456 3116 575 3150 talione,
597 3114 716 3151 caelebs,
728 3115 781 3144 διε.
878 3112 1063 3154 [Corrumpit
1074 3136 1082 3152 ,
1102 3115 1151 3154 qui
1167 3116 1242 3147 Μω-

134 3155 217 3186 cham
226 3155 291 3184 facit
301 3160 337 3184 ex
348 3154 418 3183 casta
426 3176 434 3189 ,
455 3160 503 3184 aut
513 3153 657 3189 Virginem
668 3154 757 3182 vitiat.

113 3192 283 3231 'Corruptum
292 3192 433 3229 navigium
442 3191 517 3230 apud
530 3191 604 3220 Suet.
618 3191 643 3219 N
646 3201 681 3219 er.
693 3200 737 3226 34.
760 3189 790 3218 id
800 3189 838 3218 est
845 3189 973 3219 Fractum
981 3212 988 3225 ‚
1009 3195 1041 3220 ut
1050 3196 1115 3220 ante
1129 3191 1241 3222 locutus

134 3238 200 3261 erat.
219 3231 267 3261 Sic
279 3230 325 3259 Gr.
339 3229 509 3266 2le<P9⁶iefl½
526 3228 555 3257 id
567 3228 606 3258 est
619 3228 812 3265 Corrumpere‚
823 3228 920 3257 itidem
935 3238 986 3265 pro
995 3228 1140 3266 Frangere.
1154 3229 1187 3259 H.
1199 3230 1239 3259 St.

74 3272 321 3336 CORRUPTng'
342 3276 358 3296 a
370 3287 379 3303 7
399 3277 457 3297 um.
475 3261 704 3303 [ὢεφῖαξμῖἅῶι]
724 3265 821 3295 Partis.
842 3271 892 3302 ut,
914 3265 1241 3305 Corruptumjudicium.

114 3308 175 3339 Cic.
211 3315 239 3336 ro
286 3311 362 3335 uent.

119 3317 270 3383 Corriiptus
281 3345 306 3373 8(
316 3343 451 3381 perditus.
474 3341 533 3372 Cic.
547 3350 573 3371 2.
584 3342 615 3371 in
625 3341 705 3371 Catil.
719 3350 745 3378 7.

112 3385 252 3421 Corrupta
263 3381 322 3411 sum
335 3380 582 3418 atqueabsumpta.
605 3379 691 3409 Plaut.
704 3379 802 3416 Amph.
819 3388 842 3413 ς.
856 3388 880 3408 1.
892 3381 919 3408 6.

112 3422 269 3458 Corruptus
289 3421 314 3450 &
338 3418 372 3448 ab
390 3418 553 3449 hominibus
569 3427 689 3455 nequam
709 3417 841 3447 inductus
862 3415 1095 3448 adolescentulus.
1117 3417 1241 3458 Cie.'pro

134 3459 213 3489 Rosc.
227 3460 314 3487 amer.
331 3466 374 3492 39.
505 3488 508 3490 ,

112 3497 190 3529 -AEtas
200 3495 367 3533 corruptior.
389 3493 492 3524 Lucan.
504 3492 554 3522 lib.
571 3503 614 3522 10.
631 3501 694 3523 11¹.

115 3535 230 3565 Animus
245 3538 403 3570 corruptus.
426 3531 483 3561 Cic.
498 3542 525 3566 4.
535 3529 610 3560 Fam.
621 3542 648 3567 4.
932 3567 934 3569 .

114 3572 205 3603 Boves
215 3572 337 3609 corrupti
351 3592 360 3606 ‚
380 3570 398 3599 i.
413 3579 438 3599 e.
461 3568 619 3603 Macilenti.
639 3568 725 3598 Plaut.
739 3564 838 3606 Amph.
852 3570 953 3605 ς.1.6-.

112 3611 200 3640 Ceres
209 3616 338 3646 corrupta
350 3608 441 3637 undis.
463 3606 537 3644 Virg.
554 3616 577 3636 1.
594 3605 657 3641 IEn.
674 3611 743 3642 ¹81..
757 3606 841 3635 Ceres
858 3627 867 3642 ‚
889 3606 1082 3638 Frumentum.

113 3648 220 3678 Civitas
236 3648 266 3675 in
278 3646 425 3676 barbarum
439 3651 570 3682 corrupta
590 3644 681 3674 Tacit.
694 3647 720 3673 6.
732 3644 803 3673 Λ1111.
817 3653 863 3679 42.
902 3644 944 3673 De
953 3644 1088 3674 Seleucia.

113 3684 353 3716 Consuetudinem
364 3683 488 3713 vitiosam
497 3683 523 3712 St
534 3688 693 3719 corruptam
705 3703 713 3717 ‚
734 3691 804 3718 pura
814 3683 843 3718 ὃς
861 3682 1021 3721 incorrupta
1038 3680 1240 3713 consuetudine

132 3721 293 3753 emendare.
315 3722 371 3751 Cic.
384 3722 419 3750 de
433 3720 505 3750 Clar.
522 3719 600 3749 Orat.
612 3723 676 3749 261.
714 3719 756 3748 De
768 3719 977 3750 Consuetudine
993 3717 1139 3758 loquendi.

114 3760 246 3798 Corporis
259 3760 380 3796 corrupti
391 3759 493 3788 humor
502 3764 568 3787 ater.
590 3757 700 3787 Lucret.
716 3756 764 3785 lib.
777 3765 801 3793 3.
815 3767 878 3793 50²·-

115 3799 186 3836 Equi
200 3799 321 3834 corrupti
334 3798 431 3827 macie.
454 3795 519 3825 Caes.
533 3804 557 3831 ς.
570 3795 637 3824 Bell.
648 3794 728 3824 Civil.
745 3804 789 3829 59.
860 3827 862 3830 ¹
1200 3826 1207 3830 ¹

114 3839 202 3870 Filius
218 3835 309 3865 &filia
321 3835 453 3870 corrupti.
477 3834 574 3863 Paulus
584 3834 613 3862 in
634 3829 652 3862 1.
671 3840 702 3861 ut
712 3839 829 3862 tantum.
845 3831 880 3861 D.
890 3831 926 3861 de
936 3832 1013 3862 servo
1023 3838 1155 3872 corrupto
1167 3852 1176 3870 ‚
1196 3832 1240 3863 De

133 3873 191 3906 filio
201 3873 291 3902 filiave
308 3873 424 3902 familias
435 3872 573 3909 corruptis
585 3871 650 3900 huic
665 3870 844 3899 edictolocus
856 3880 914 3899 non
925 3871 972 3900 est.

113 3912 195 3946 Nihil
204 3919 367 3980 corrpptum
376 3911 406 3940 in
416 3909 576 3949 eloquendo
588 3931 597 3946 ,
618 3908 820 3945 obscurumque
829 3906 870 3938 sit.
892 3908 1012 3946 Quintil.
1024 3907 1074 3939 lib.
1091 3911 1118 3940 6.
1136 3918 1198 3947 cap.
1211 3919 1236 3945 ς.

157 3951 204 3983 Vo
216 3960 243 3981 ι..
278 3971 286 3980 .

1758 84 2051 129 coa
2383 110 2451 147 705

1327 164 1444 203 Ingenio
1453 169 1600 203 corruptus
1613 173 1645 210 ac
1655 166 1788 210 tumidus.
1812 167 1932 204 Quintil.
1948 169 1996 200 lib.
2008 180 2033 201 2.
2047 183 2107 211 cap.
2120 181 2147 210 8.

1329 205 1381 232 itui·
1393 207 1493 233 lactum
1507 206 1763 241 corruptiusimbri.
1792 206 1856 235 Hor.
1873 217 1895 236 1.
1913 208 1999 238 Serm.
2018 220 2042 244 ς.
2054 221 2098 246 9ς.

1329 241 1438 306 Jqdicia
1450 249 1580 304 coorrupta
1599 244 1624 272 St
1639 244 1827 273 contaminata
1845 253 1999 281 paucorum
2015 248 2084 277 vitio
2105 259 2138 279 ac
2150 251 2329 289 turpitudine.
2352 254 2410 285 Cic.
2427 266 2451 288 r.

1373 289 1421 307 ΕΠ.
1437 290 1450 297 ’”
1475 302 1480 307 .

1329 299 1586 353 311110100110111113.
1609 317 1677 347 Hor.
1692 327 1716 347 2.
1737 318 1823 349 Scrm.
1838 328 1863 349 2.
1876 329 1901 355 9.

1329 353 1451 390 Populus
1465 355 1606 383 Romanus
1620 356 1813 399 largitionibus
1824 363 1971 396 corruptus
1979 360 2035 396 est,
2057 366 2090 391 ut
2097 360 2152 392 sese
2160 371 2193 392 ac
2203 362 2326 396 fortunas
2335 366 2394 398 suas
2407 377 2454 399 ve.

1348 391 1425 419 nalcs
1441 391 1547 420 habeat.
1569 392 1674 422 Sall-ult.
1686 403 1713 422 in
1725 395 1782 424 Cic.
1800 404 1823 424 1.

1329 427 1430 457 Littera
1442 430 1535 458 (traeea
1544 437 1674 473 corrupta
1687 430 1753 461 sono
1768 432 1873 462 Latino.
1896 433 1984 464 Ovid.
2000 445 2023 470 ς.
2036 436 2104 467 Fast.
2120 447 2182 474 ¹95·
2410 467 2412 469 ,

1330 466 1423 495 Mores
1436 474 1559 504 corrupti
1570 467 1769 506 depravatique
1779 471 1965 501 admiratione
1979 474 2150 504 divitiarum.
2172 475 2231 506 Cic.
2245 486 2271 507 2.
2289 477 2346 507 Off.
2360 487 2404 515 71.,

1329 503 1371 559 93
1383 525 1390 537 ,
1413 504 1557 547 sermoque
1574 513 1719 548 corruptus
1735 508 1763 536 in
1774 509 1954 546 peregrinum
1967 510 2074 543 sonum.
2100 513 2223 550 Quintil.
2234 513 2284 546 lib.
2297 525 2322 546 ι.
2334 525 2394 554 cap.
2410 522 2437 547 1.·

1330 551 1455 577 ..anguis
1480 542 1587 570 Lucret.
1602 542 1649 572 lib.
1663 548 1687 572 6.
1702 554 1781 574 1201.

1329 578 1443 608 Saecula.
1471 579 1570 609 Claud.
1584 589 1609 609 2.
1626 582 1654 608 in
1671 581 1784 620 Eutrop.
1801 592 1863 620 113.

1329 616 1455 645 Senatus.
1477 618 1536 645 Cic.
1550 626 1602 654 pro
1617 618 1709 649 Rabir.
1723 621 1810 650 Posth.
1828 632 1852 657 ς.

1328 654 1441 689 Segetes
1453 654 1544 683 herbis
1556 663 1701 692 corruptae.
1723 655 1833 696 Ulpian.
1846 660 1876 688 in
1887 659 1904 688 l.
1919 668 1954 689 011
1967 662 2120 694 condutfto.
2132 665 2154 701 §.
2172 675 2195 696 1.
2207 666 2240 696 D.
2250 666 2336 698 locat.

1328 691 1428 756 ξυνίης
1439 699 1593 735 corruptus
1616 693 1724 736 Ulpian.
1739 697 1767 740 in
1780 696 1797 726 l.
1810 696 1827 725 si
1843 697 2033 741 quisservum.
2051 701 2085 731 D.
2099 702 2135 732 de
2150 702 2226 734 servo
2240 710 2363 744 corrupt.

1357 731 1447 758 rattus
1458 729 1519 758 caeli
1532 751 1539 764 ,
1563 729 1698 761 Pestilens.
1723 733 1795 770 Virg.
1811 743 1834 770 3.
1851 736 1913 766 ffin.
1927 743 1989 774 138.

1328 765 1450 795 Victoria
1461 767 1551 796 toties.
1575 768 1665 798 Tacit.
1681 781 1705 804 4·
1720 771 1785 800 Hist.
1802 781 1844 808 35.

1327 802 1430 839 Virgo,
1452 804 1561 834 Vitiata.
1586 806 1671 835 Ovid.
1685 817 1709 841 3.
1723 810 1815 839 llmor.
1829 816 1854 844 8.
1869 820 1913 847 30.

1329 840 1465 878 Voluptas
1476 842 1584 872 dolore.
1607 844 1674 874 Hor.
1688 855 1709 874 1.
1723 847 1812 877 Serm.
1824 857 1849 877 2.
1867 858 1911 884 39.

1329 878 1485 923 Corruptus
1496 890 1511 924 3¹
1528 880 1620 924 aliter,
1643 884 1668 911 δι
1679 893 1751 912 novo
1765 894 1843 915 more
1859 887 2022 924 usurpatum
2034 898 2049 918 a
2059 889 2187 921 Sallustio
2203 891 2231 921 in
2245 891 2389 931 jugurtha.
2413 895 2461 925 Sic

1349 926 1426 945 enim
1436 924 1525 955 inquit
1535 928 1565 947 111
1581 921 1814 965 oratione-Lepidi
1826 924 1846 961 §.
1861 933 1906 953 20.
1929 925 1972 954 Ne
1984 949 1991 962 ‚
2014 927 2084 956 alius
2096 928 2180 958 alium
2193 931 2350 969 principem
2364 933 2461 971 exspe-

1346 955 1456 1001 ctantes
1465 977 1473 990 ,
1495 962 1559 985 ante
1568 966 1737 1000 capiamini,
1759 969 1817 989 non
1827 961 1928 998 opibus
1939 964 2010 999 ejus,
2033 974 2093 1002 quae
2105 966 2199 996 futiles
2207 969 2232 997 δι
2242 978 2379 1007 corruptre
2387 971 2460 1006 sunt,

1348 990 1645 1040 sedvestrasocor.d1·a,
1668 1006 1750 1033 quam
1764 1003 1879 1036 captum
1890 1000 2008 1031 irilicet.
2050 1002 2214 1041 Corruptae,
2235 1007 2252 1034 i.
2276 1016 2300 1036 e.
2324 1016 2354 1037 ut
2370 1010 2407 1037 ita
2420 1009 2463 1038 di-

1345 1039 1411 1059 cam
1425 1053 1431 1064 ,
1454 1031 1656 1069 Corruptibiles
1667 1055 1675 1069 ,
1697 1036 1723 1064 δι
1736 1044 1795 1071 quae
1806 1039 2036 1074 corrumpifacile
2046 1040 2166 1076 possunt.
2188 1042 2345 1075 Turnebus.
2385 1045 2462 1084 [Ego

1350 1074 1447 1104 putem
1460 1091 1468 1103 ,
1491 1069 1640 1107 Corruptas
1652 1081 1703 1108 pro
1716 1073 1819 1103 Attritis
1829 1084 1861 1104 ac
1872 1075 2028 1106 Debilitatis
2038 1079 2147 1109 dixii'se.

1289 1103 1365 1171 ‘qua
1377 1115 1391 1133 a
1401 1115 1420 1134 u
1430 1115 1444 1159 r>
1454 1115 1514 1149 τις,
1536 1107 1604 1150 Adv.
1627 1107 1852 1147 [ὢεφθκςμίνως]
1874 1111 1932 1143 Cic.
1948 1123 1971 1143 1.
1986 1114 2022 1144 de
2036 1115 2125 1146 Finib.
2137 1127 2182 1154 71.
2204 1118 2247 1148 De
2257 1119 2357 1157 quibus
2368 1131 2461 1160 neque

1354 1152 1431 1180 eprai
1439 1151 1482 1174 ate
1500 1145 1643 1180 Judlcant,
1665 1156 1756 1186 neque
1772 1156 1913 1187 corrupte.

1332 1180 1461 1219 Compar.
1503 1182 1567 1211 Sen.
1580 1183 1710 1227 Controv.
1724 1197 1749 1222 9.
1772 1187 1891 1217 Divitias
1902 1188 2057 1220 describere
2068 1191 2134 1221 volo
2147 1214 2156 1228 ,
2179 1194 2205 1223 δι
2215 1194 2304 1224 multo
2316 1197 2410 1227 minus
2424 1197 2464 1228 fa.

1352 1219 1446 1248 eunde
1460 1221 1486 1250 &
1497 1228 1654 1259 corruptius
1666 1233 1748 1259 quam
1764 1224 1911 1256 Fabianus.

1332 1256 1442 1294 Superi.
1464 1265 1511 1293 ut,
1535 1258 1887 1303 quruptiiiimejudicare.
1911 1264 2006 1308 Ascon.
2019 1266 2048 1295 in
2059 1276 2177 1304 prooem.
2190 1269 2248 1298 Ml.
2261 1268 2338 1300 Verr.
2353 1282 2380 1309 p.
2396 1278 2443 1306 ⁴8-

1289 1294 1318 1324 C
1327 1304 1344 1323 o
1354 1305 1368 1323 a
1380 1305 1492 1338 1111111
1503 1306 1519 1325 o
1532 1317 1544 1339 ,¹
1562 1307 1633 1327 onis.
1657 1298 1675 1327 f.
1688 1301 1743 1343 ,[ίλ
1755 1299 1878 1337 α-φῖυρρὲ]
1899 1302 1957 1333 Cic.
1971 1314 1998 1340 4.
2010 1303 2093 1335 Tusc.
2104 1314 2148 1341 29.
2171 1305 2305 1337 Morbum
2320 1309 2467 1347 appellant

1335 1338 1420 1362 totius
1433 1343 1559 1372 corporis
1572 1342 1791 1374 corruptionem.

1293 1369 1319 1400 C
1327 1379 1343 1399 o
1352 1380 1366 1398 11
1376 1381 1392 1399 r<
1403 1381 1421 1400 u
1430 1382 1445 1415 1?
1455 1381 1474 1400 >r
1484 1383 1526 1420 03}
1537 1393 1545 1406 ,
1567 1374 1631 1416 oris.
1654 1384 1696 1418 m..
1714 1370 1917 1421 [thevif]
1934 1378 1995 1422 Qui
2006 1381 2170 1419 corrumpit.
2191 1387 2239 1419 ut.⁷
2261 1382 2415 1423 Corruptor
2423 1387 2465 1422 ju.

1332 1412 1584 1486 ἶέἐὶὲιὶιέῑτζζῖοι
1594 1421 1624 1440 m
1636 1412 1718 1443 Catil.
1734 1422 1759 1450 7.
1782 1414 1816 1444 Et
1826 1414 1937 1453 Ulp1an.
1950 1416 2009 1447 1111.
2029 1418 2051 1447 'si
2065 1419 2126 1456 quis
2137 1419 2253 1450 servum.
2270 1422 2299 1450 in
2317 1422 2365 1453 fin.
2378 1423 2418 1457 D„
2428 1424 2465 1454 de

1332 1484 1487 1528 Corruptor
1498 1488 1524 1516 δι
1536 1486 1652 1517 adulter.
1674 1488 1736 1534 Cic..
1746 1500 1770 1526 ς.
1785 1490 1860 1535 Verr.
1872 1501 1899 1528 -4,
1918 1491 2000 1529 Quid
2010 1493 2142 1525 differant
2170 1495 2201 1526 V.
2225 1497 2322 1535 inipso
2332 1498 2429 1529 verbo.

1332 1523 1480 1554 Animosus
1491 1531 1646 1563 corruptor.
1669 1526 1759 1557 Tacit.
1775 1538 1798 1557 1.
1818 1529 1885 1558 Hist.
1899 1539 1945 1566 ²4.

1332 1559 1426 1604 Nurus
1438 1569 1586 1600 corruptor
1595 1573 1691 1594 avarae.
1713 1566 1815 1601 Juven.
1829 1577 1852 1596 1.
1864 1568 1918 1597 Sat.
1930 1577 1975 1605 77.

1332 1598 1435 1643 Tribus
1446 1601 1576 1630 venditor
1587 1603 1613 1631 &
1625 1611 1770 1640 corruptor
1785 1606 1810 1633 &
1823 1604 1964 1642 sequester.
1987 1605 2047 1636 Cic.
2057 1617 2109 1646 pro
2123 1607 2216 1639 Plano.
2233 1616 2277 1645 38.

1334 1635 1483 1668 vestalium
1494 1647 1680 1677 corruptores.
1701 1643 1776 1671 Suet.
1790 1642 1896 1672 Domit.
1908 1653 1969 1680 cap.
1983 1649 2010 1677 8.

1295 1673 1394 1718 Cora
1406 1684 1519 1719 0111111
1528 1686 1548 1706 x
1559 1678 1570 1712 ‚'
1587 1678 1649 1707 icis.
1671 1678 1691 1708 f.
1713 1675 1892 1724 [ξιῖςιφθαςτξς
1901 1682 1924 1725 ]¹
1935 1682 1998 1711 Cic.
2013 1691 2037 1711 1.
2061 1682 2099 1719 Q.
2116 1683 2177 1714 frat.
2192 1694 2218 1715 1.
2239 1684 2312 1716 Tam
2334 1686 2465 1726 deprava.

1334 1718 1368 1741 trs
1380 1713 1504 1744 moribus
1516 1737 1524 1751 ,
1545 1721 1601 1744 tam
1610 1724 1783 1754 corruptrice
1798 1729 1950 1756 provincia.

1333 1749 1747 1791 Morumcorruptrixlicentia.
1772 1756 1906 1786 Ammian.
1926 1767 1971 1792 2ς.
1987 1767 2030 1787 10.

1293 1786 1318 1817 C
1327 1797 1367 1817 oa
1378 1798 1393 1816 R
1404 1799 1420 1817 u
1431 1799 1473 1818 PT
1482 1793 1498 1819 ἒ
1508 1802 1524 1819 1,
1534 1801 1553 1820 Α
1565 1813 1574 1826 ,
1595 1801 1626 1820 ae.
1648 1793 1666 1821 f.
1689 1791 1818 1829 [φῖυρρῖ]
1857 1795 1943 1831 Qiod
1961 1797 2117 1834 corrumpit
2135 1798 2161 1828 ἃ
2181 1800 2362 1830 contaminat.
2404 1801 2463 1834 Cic.

1333 1835 1361 1856 2.
1377 1826 1434 1856 Off.
1449 1837 1492 1863 53.
1524 1829 1626 1858 Melius
1637 1831 1722 1859 etiam
1735 1852 1743 1865 ‚
1765 1832 1841 1869 quod
1851 1832 2029 1870 largitionem
2040 1856 2048 1871 ‚
2070 1836 2259 1874 corruptelam
2270 1838 2342 1869 dixit
2352 1838 2416 1870 effe.

1333 1863 1385 1894 Pro
1396 1864 1575 1904 Corruptore.
1599 1867 1664 1898 Ter.
1678 1868 1756 1899 Adel.
1777 1880 1801 1904 ς.
1814 1879 1838 1905 3.
1852 1880 1878 1907 7.

1582 1915 1727 1935 —eccum
1742 1907 1819 1936 adest

1426 1939 1593 1972 Communis
1606 1944 1764 1982 corruptela
1781 1946 1904 1976 nostrum
1913 1946 2043 1978 liberum.

1332 1977 1492 2009 Dulcedine
1505 1982 1718 2019 corruptelaque
1727 1983 1881 2020 depravari.
1904 1984 1961 2015 Cic.
1974 1995 1999 2015 2.
2015 1987 2050 2015 de
2061 1985 2156 2024 Legib.
2172 1993 2218 2025 38.

1334 2015 1551 2060 Coirsuetudinis
1561 2019 1639 2048 malae
1649 2021 1818 2057 corruptela.
1841 2022 1900 2052 Cic.
1922 2033 1945 2052 1.
1969 2024 2004 2053 de
2016 2023 2108 2062 Legib.
2122 2034 2167 2062 33.

1333 2053 1439 2089 Judicii
1454 2057 1639 2095 corruptelam
1651 2058 1751 2089 moliri.
1774 2059 1833 2089 Cic.
1850 2061 1879 2090 in
1890 2061 1983 2091 Parad.
2001 2065 2027 2092 6.

1334 2091 1489 2123 Mulierum
1498 2095 1671 2133 corruptelae.
1694 2096 1753 2126 Cic.
1766 2107 1793 2132 4.
1810 2098 1882 2128 Verr.
1898 2107 1959 2135 134.

1296 2129 1320 2159 C
1329 2139 1345 2158 o
1355 2139 1395 2158 aa
1405 2141 1423 2160 υ
1432 2133 1499 2176 PF?
1508 2143 1522 2160 B
1533 2134 1585 2161 ἴω
1594 2143 1616 2168 s,
1638 2144 1663 2163 e.
1686 2135 1747 2170 Adi.
1769 2136 1874 2166 Arriob.
1885 2145 1912 2166 2.
1923 2147 1951 2174 p.
1964 2140 2010 2171 68.
2031 2137 2109 2168 Plato
2121 2139 2190 2170 deos
2200 2138 2270 2170 'dicit
2286 2142 2315 2171 ἃ
2327 2142 2466 2174 mundum

1335 2168 1530 2206 corruptibiles
1545 2170 1599 2200 effe
1617 2177 1725 2201 natura.

1335 2206 1466 2273 Cpampari
1495 2213 1526 2274 uxt
1534 2229 1543 2243 ,
1573 2207 1799 2241 Pulchritudines
1818 2211 2072 2250 corruptibiliores.
2101 2215 2211 2253 August.
2237 2215 2272 2245 de
2290 2216 2362 2247 Vera
2373 2217 2464 2257 Relig.

1297 2280 1320 2312 C
1329 2291 1346 2311 o
1356 2255 1540 2312 1³55ssng
1549 2294 1565 2327 r.
1575 2284 1615 2314 ir
1624 2294 1667 2315 as
1676 2307 1684 2321 ,
1703 2284 1765 2316 atis.
1782 2286 1807 2316 ·f.
1829 2285 1948 2318 Tertull.
1960 2288 2024 2318 adv.
2034 2285 2125 2319 Marc.
2137 2298 2164 2320 2.
2179 2294 2223 2320 16.
2244 2291 2406 2322 Substantiae
2416 2294 2467 2324 liu-

1334 2329 1423 2350 manae
1437 2321 1663 2359 corruptibilitas.

1297 2356 1319 2387 C
1330 2367 1346 2386 o
1357 2368 1372 2386 a
1382 2368 1397 2387 a
1405 2369 1424 2388 u
1434 2367 1448 2387 1²
1457 2368 1476 2387 T
1484 2362 1496 2388 ῐ
1505 2369 1521 2389 ν
1532 2370 1550 2388 u
1558 2369 1579 2394 s,
1588 2369 1613 2394 a,
1624 2369 1682 2389 um.
1698 2360 1757 2396 Adj.
1777 2360 1856 2391 idem
1870 2364 1947 2400 quod
1960 2362 2167 2401 Corruptibilis.
2193 2364 2312 2396 Tertull.
2326 2368 2362 2397 de
2370 2368 2464 2400 Resur.

1336 2394 1416 2425 Carn.
1430 2406 1490 2434 cap.
1505 2407 1548 2432 5¹·
1568 2397 1890 2436 Oportetcorruptivum
1901 2401 1971 2430 istud
1982 2402 2100 2431 induere
2113 2403 2357 2441 incorruptionem
2369 2428 2376 2439 ,
2392 2408 2444 2436 cicc.

1298 2433 1611 2502 Οεὲἒκιᾶἱρτεόἓιιξόε,
1632 2446 1666 2472 a,
1691 2445 1748 2466 um.
1778 2437 1867 2469 Idem.
1890 2445 1921 2469 ut
1931 2458 1945 2475 ν,
1976 2439 2159 2478 Corruptoria
2171 2443 2314 2473 conditio.
2344 2443 2464 2476 Tertull-

1376 2483 1398 2501 V.
1444 2483 1470 2501 ΕΠ
1491 2496 1495 2501 .
1531 2483 1563 2502 ,Ι
1591 2497 1596 2502 .

1336 2509 1434 2540 Sensus
1444 2511 1620 2547 corruptorii.
1644 2511 1722 2542 Idem
1732 2511 1751 2542 1.
1764 2521 1789 2543 c.

1297 2548 1320 2579 C
1331 2557 1372 2577 oa
1384 2558 1427 2577 au
1437 2559 1454 2577 ο
1467 2570 1474 2583 ,
1497 2550 1559 2584 rui,
1580 2550 1673 2579 rutum
1683 2572 1690 2585 ‚
1713 2550 1907 2587 [mmmmm]
1923 2551 1978 2582 Ere.
2000 2552 2080 2583 Idem
2090 2554 2167 2591 quod
2181 2554 2288 2591 Ruere,
2309 2556 2363 2586 sive
2373 2557 2465 2588 Simul

1334 2596 1421 2616 ruere.
1460 2586 1519 2617 Liv.
1535 2597 1557 2616 1.
1571 2597 1615 2623 25.
1637 2588 1701 2617 Duo
1712 2588 1835 2619 Romani
1847 2589 1926 2626 super
1942 2589 2028 2620 alium
2039 2591 2124 2627 alius,
2144 2593 2296 2623 vulneratis
2314 2595 2400 2624 tribus
2421 2596 2465 2625 [ll.

1335 2624 1440 2691 banis..s
1455 2624 1624 2670 exspirantes
1631 2634 1806 2656 corruerunt.
1848 2627 1906 2658 Cic.
1919 2637 1946 2658 2.
1963 2628 2006 2666 Q.
2015 2629 2078 2659 frat.
2092 2640 2122 2666 9.
2144 2630 2178 2661 Et
2192 2631 2240 2661 ille
2252 2641 2333 2670 paene
2343 2634 2464 2670 timore,

1336 2672 1388 2698 ergo
1401 2673 1420 2691 ri
1436 2673 1453 2692 u
1464 2673 1565 2693 corrui.

1334 2701 1421 2730 Arbor
1436 2703 1547 2731 corruit.
1570 2700 1653 2732 Ovid.
1669 2705 1696 2736 8.
1715 2702 1785 2732 Met.
1798 2704 1862 2740 776.

1332 2736 1436 2775 Equus
1458 2737 1505 2768 Sil.
1519 2739 1565 2769 lib.
1580 2749 1621 2774 ¹7·
1641 2749 1703 2777 137.

1333 2776 1458 2814 Oppida.
1481 2777 1538 2806 Cic.
1557 2787 1578 2807 1.
1590 2778 1626 2807 de
1640 2778 1788 2814 Divin.‘78.

1333 2814 1430 2852 Bogus
1444 2815 1508 2852 igne
1517 2817 1629 2845 corruit.
1652 2816 1735 2846 Ovid.
1752 2825 1795 2852 13.
1806 2815 1878 2846 Met.
1890 2819 1956 2849 601.

1333 2853 1449 2882 Saucius
1459 2853 1531 2882 ense.
1554 2854 1676 2892 Propert.
1688 2853 1738 2883 lib.
1748 2863 1774 2884 2.
1788 2857 1814 2889 8.
1827 2863 1873 2884 22.

1333 2888 1470 2921 Tabernae
1480 2891 1549 2920 mihi
1559 2891 1619 2921 duae
1631 2898 1813 2927 corruerunt,
1833 2892 1946 2931 reliquae
1954 2893 2036 2924 rimas
2044 2899 2138 2931 agunt.
2158 2892 2220 2926 Cic.
2232 2903 2277 2933 14.
2290 2896 2344 2927 att.
2358 2901 2390 2934 9:

1285 2930 1289 2935 '
1334 2928 1405 2958 Urbs
1414 2935 1473 2958 tota
1486 2930 1771 2960 Lacedaemoniorum.
1794 2930 1852 2960 Cic.
1868 2941 1890 2960 1.
1904 2931 1940 2960 de
1950 2931 2042 2960 Divin.
2057 2942 2118 2961 112.

1332 2966 1434 3004 Frangi
1446 2968 1471 2996 δι
1484 2977 1623 2998 corruere.
1666 2967 1724 2997 Cic.
1739 2977 1763 3004 3.
1776 2969 1812 2998 de
1825 2969 1902 2998 Orat.
1913 2978 1939 3005 7.
1959 2969 1985 2998 O
1995 2969 2122 2999 fallacem
2135 2971 2370 3010 hominum-spem
2382 2992 2395 3008 v,
2411 2969 2464 3003 fra—

1352 3004 1494 3042 gilemque
1503 3005 1646 3035 fortunam
1657 3028 1665 3042 ‚
1688 3006 1819 3036 &inanes
1831 3007 1934 3036 nostras
1944 3008 2140 3038 contentiones
2154 3031 2163 3045 ,
2184 3019 2243 3047 quae
2261 3010 2290 3038 in
2300 3011 2394 3040 medio
2406 3011 2464 3049 spa-

1355 3044 1396 3072 tio
1407 3041 1477 3079 saepe
1489 3043 1653 3081 franguntur
1669 3045 1695 3074 Sc
1706 3050 1858 3083 corruunt,
1876 3046 1928 3074 ἃς.

1334 3079 1487 3115 Corruere,
1501 3090 1557 3119 ‘pro
1568 3081 1633 3111 Labi
1645 3083 1670 3112 &
1682 3092 1778 3111 errare.
1818 3083 1878 3113 Cic.
1890 3083 1926 3112 de
1935 3083 2043 3113 Seneet.
2057 3087 2104 3120 64.
2134 3084 2197 3114 Nec
2209 3091 2341 3123 tanquam
2352 3086 2463 3117 inexer-

1355 3119 1431 3148 citati
1441 3119 1585 3149 histriones
1595 3121 1623 3149 in
1633 3126 1758 3149 extremo
1768 3121 1830 3149 astu
1840 3121 1980 3150 corruiffe.

1334 3156 1474 3186 corruisse
1486 3167 1555 3195 opes
1569 3158 1715 3193 dicuntur,
1739 3158 1809 3194 Quae
1818 3165 1956 3195 corruptae
1966 3158 2036 3188 sunt.
2057 3159 2115 3189 Cic.
2134 3169 2158 3189 1.
2173 3159 2231 3189 Off.
2239 3166 2288 3195 84.

1334 3195 1470 3224 Corruere
1481 3217 1489 3230 ,
1510 3195 1658 3232 Conjicere
1667 3218 1675 3231 ,
1693 3205 1853 3233 congerere.
1895 3196 1978 3225 Varro
1999 3197 2035 3226 de
2046 3196 2076 3226 1..
2084 3197 2115 3226 L.
2131 3208 2157 3232 4.
2171 3207 2213 3232 31.
2234 3205 2303 3228 extr.
2336 3198 2440 3229 Corbes
2447 3203 2464 3236 ,'

1353 3233 1387 3262 ab
1397 3242 1431 3261 eo
1443 3233 1518 3270 quod
1530 3233 1616 3271 spicas
1626 3233 1736 3263 aliudve
1746 3234 1814 3271 quid
1824 3234 2000 3264 corruebant.
2020 3235 2039 3264 i.
2053 3244 2077 3264 e.
2099 3235 2140 3264 Eo
2161 3236 2355 3272 conjiciebant.
2390 3237 2463 3267 Tur·-

1353 3270 1453 3300 nebuS.
1495 3271 1542 3301 Λῑι
1559 3272 1748 3301 Conruebant.

1334 3308 1489 3344 Corr'uere,
1512 3318 1562 3347 pro
1573 3309 1684 3339 Penitus
1703 3315 1833 3347 proruere
1847 3310 1876 3340 &
1895 3309 2039 3346 disjicere,
2060 3310 2270 3342 collabefactare
2283 3334 2291 3348 ‚
2313 3311 2462 3344 collabefa-

1352 3355 1427 3376 cere.
1451 3346 1558 3377 Lucret.
1573 3358 1596 3382 ς.
1615 3352 1676 3384 369.

1428 3384 1563 3414 Corruere
1573 3385 1645 3415 hanc
1656 3389 1746 3414 rerum
1756 3384 1881 3414 violento
1894 3385 2004 3415 turbine
2015 3385 2160 3416 summam.

1334 3421 1471 3452 Corruere
1482 3423 1612 3460 aliquem.
1635 3423 1736 3452 Catuli.
1749 3423 1784 3452 ad
1797 3422 1926 3452 Mallium
1937 3445 1945 3457 ,
1968 3427 2012 3458 69.
2026 3434 2070 3459 5²·

1427 3460 1500 3490 Nam
1512 3460 1581 3490 mihi
1592 3471 1674 3497 quam
1688 3461 1797 3490 dederit
1806 3461 1913 3498 duplex
1924 3461 2103 3491 Amathuntia
2114 3470 2208 3492 curam
2222 3485 2231 3498 ,

1461 3499 1561 3542 Scitis,
1584 3500 1610 3528 &
1623 3500 1652 3527 in
1662 3508 1717 3536 quo
1726 3507 1771 3528 me
1780 3500 1915 3529 corruerit
1924 3509 2035 3536 genere.
2092 3534 2095 3538 s
2118 3500 2150 3529 V.
2172 3500 2281 3531 Molem
2290 3502 2461 3534 mentiscor-

1353 3545 1452 3571 ruere,
1479 3545 1510 3564 m
1529 3544 1631 3565 Maus.

1296 3574 1412 3609 Cous,
1433 3575 1526 3603 cortis.
1553 3574 1582 3602 V.
1605 3583 1733 3603 enoris.

1296 3613 1419 3642 Cossa
1431 3633 1440 3646 ,
1461 3621 1492 3640 ae.
1514 3611 1534 3641 f.
1558 3611 1597 3640 est
1612 3612 1756 3649 Tempus,
1776 3620 1842 3649 pars
1854 3612 1971 3650 capitis,
1994 3619 2076 3649 quam
2091 3610 2172 3649 'oseam
2190 3614 2278 3644 Graeci
2292 3623 2406 3646 vocarit.
2437 3615 2459 3647 Α

1333 3650 1424 3685 capite
1437 3649 1559 3678 humano
1569 3650 1732 3678 transfertur
1745 3650 1779 3678 ad
1791 3650 1971 3686 mechanicag
1994 3651 2087 3686 estque
2097 3651 2186 3680 Prima
2199 3655 2410 3691 antepagmenti
2429 3655 2459 3683 in

1330 3687 1408 3716 oltiis
1421 3686 1512 3716 fascia.
1555 3685 1658 3716 Vitruv.
1671 3698 1698 3721 4.
1709 3690 1734 3715 6.
1757 3687 1863 3716 Harum
1870 3689 1955 3717 trium
1965 3689 2054 3725 prima
2065 3689 2142 3718 corsa
2158 3689 2207 3719 fiat
2220 3700 2285 3720 cum
2307 3691 2437 3729 astragalo
2448 3712 2458 3727 ‚

1332 3726 1386 3754 διο.
1413 3724 1443 3753 V.
1466 3724 1504 3753 ibi
1516 3724 1627 3754 Salmas.
1637 3726 1663 3754 ’ἂ
1680 3724 1757 3753 Baltii
1769 3724 1834 3754 Lex.
1861 3725 1961 3754 Vitruv.
1975 3736 2001 3763 p.
2020 3735 2063 3759 50.

1294 3761 1318 3792 C
1327 3772 1343 3790 o
1353 3772 1369 3791 a
1378 3771 1390 3791 s
1400 3771 1414 3790 s
1424 3772 1449 3790 Ε
1457 3783 1464 3794 ,
1488 3758 1608 3798 [κοξαέοα
1618 3762 1784 3799 Stephano]
1807 3762 1903 3792 [nsulae
1918 3763 1983 3792 sunt
2000 3763 2086 3792 Ioniae
2104 3765 2265 3800 adjacentes
2277 3788 2285 3801 ‚
2308 3776 2323 3796 e
2338 3767 2456 3804 regione

1332 3800 1415 3829 Sami.
1456 3795 1525 3828 Plin.
1538 3799 1585 3828 lib.
1599 3810 1622 3834 ς.
1638 3810 1698 3837 cap.
1711 3810 1753 3835 31.
1772 3800 1915 3829 loniaeora
1929 3802 2032 3838 ffigaeas
2043 3803 2070 3830 &
2082 3801 2194 3833 Corseas
2209 3804 2301 3834 habet.

1294 3837 1318 3867 G
1327 3846 1389 3903 tlrtgs
1397 3847 1406 3865 1
1417 3858 1425 3872 ,
1446 3841 1536 3866 orum.
1556 3847 1595 3866 m.
1617 3838 1654 3875 pl.
1682 3838 1812 3874 [Kv'eovs]
1834 3838 2074 3876 Popuiib‘ardiniae
2085 3860 2093 3875 ‚
2115 3850 2233 3878 quorum
2243 3841 2373 3870 meminit
2382 3840 2455 3870 Plin.

1346 3885 1352 3902 i
1375 3883 1417 3909 .3.
1437 3883 1496 3912 cap.
1513 3884 1539 3910 7.

1295 3912 1469 3943 GousieA
1483 3934 1493 3948 ,
1513 3922 1545 3943 ae.
1563 3912 1582 3943 f.
1604 3911 1725 3948 [Κόςνΰυ
1740 3933 1749 3948 ,
1769 3913 1904 3950 Κόςσικᾳ]
1925 3913 2038 3951 (inquit
2048 3913 2118 3944 Plin.
2135 3915 2182 3945 lib.
2197 3924 2292 3954 {neap
2304 3916 2345 3953 6.)
2365 3914 2459 3959 Insula

1902 3960 1921 3981 u
1933 3962 1949 3981 u
1959 3961 1977 3982 u
2427 3962 2459 3982 m
