2604 4222
123 143 193 184 632
549 125 580 162 C
677 124 712 158 Ο
805 118 841 154 Ν

168 217 232 249 mel.
242 216 290 247 lib.
302 224 326 244 1.
338 224 398 252 esp.
407 214 434 242 6.
455 211 550 247 Sitque
559 207 668 244 utrique
676 204 834 243 proximum
847 201 986 234 horreum,
1007 206 1062 235 quo
1072 194 1229 225 conferatur
1237 202 1282 223 ru—

169 258 190 286 1}
203 265 266 284 cti-n
284 253 503 282 instrumentum.
1175 270 1181 276 Ι
1257 269 1262 274 ι

170 294 272 324 Dotem
284 290 409 320 conferre
418 309 426 323 ,
445 286 489 315 vel
501 284 552 313 alia
561 283 643 311 bona.
664 284 695 308 ut
706 278 737 307 C.
750 277 785 306 de
797 274 888 305 collat.
898 275 995 316 bonor.
1007 273 1032 301 &
1045 271 1077 300 D.
1089 270 1152 300 eod.
1163 276 1203 299 tit.
1228 268 1282 312 l-lic

191 329 289 360 titulus
300 350 307 364 ,
329 327 419 364 inquit
441 323 549 360 Ulpian.
574 317 745 348 manifestam
773 314 855 342 habet
879 317 1046 352 aequitatem.
1090 309 1185 344 Quum
1205 315 1283 350 enim

192 369 293 398 Praetor
303 365 338 395 ad
346 365 482 394 bonorum
494 356 684 397 poss‘eslionem
696 359 791 382 contra
802 349 907 379 tabulas
926 352 1116 383 emancipatos
1136 346 1282 377 admittat,

194 402 393 445 participesque
406 399 487 429 faciat
499 405 561 426 curn
572 394 614 422 his
625 414 633 428 ,
654 390 774 429 quisunt
785 389 814 417 in
827 387 962 429 potestate
974 406 981 420 ,
1003 385 1141 427 bonorum
1156 390 1287 420 paterno-

195 453 256 473 rum
267 464 274 476 ,
295 440 464 475 consequeris
473 432 526 464 esse
537 429 636 466 credit,
658 435 688 458 ut
701 427 747 457 sua
754 435 863 464 quoque
872 425 984 454 bonam
994 422 1121 452 medium
1130 420 1286 454 conferant,

196 481 243 517 qui
257 483 388 516 appetant
398 482 517 512 paterna.
561 488 579 503 0

179 518 329 549 Conferre,
351 514 428 543 Dare.
451 510 534 540 Plaut.
550 504 631 536 Most.
651 515 674 541 5.
691 513 717 533 2.
734 511 777 539 39.
1251 531 1256 537 ·

272 553 331 582 Nos
341 550 476 582 dabimus,
497 555 547 575 rios
557 543 741 576 conferemus,
762 536 853 569 nostro
863 537 973 574 sumptu
985 556 993 571 ‚
1013 544 1070 563 non
1078 540 1136 563 tuo.
1217 531 1288 561 Plin.

200 596 227 622 6.
240 588 320 628 Epist.
339 598 381 623 32.
404 587 436 616 Et
445 590 573 619 tanquam
584 589 681 619 parens
692 579 760 608 alter
770 600 778 613 ,
799 574 899 614 puellae
916 575 1011 604 nostrae
1029 573 1142 615 confero
1157 570 1292 613 quinqua-

200 631 275 668 ginta
293 626 379 656 millia
392 624 547 654 nummum.
589 619 642 649 Hic
663 616 794 655 quiddam
814 612 964 651 expressius
984 611 1116 648 signihcat
1137 609 1271 639 Conferre
1280 628 1290 642 ,

199 675 302 703 nempe
312 664 467 694 Portionem
482 660 557 689 suam
566 666 629 686 cum
638 655 723 684 altero
737 654 815 688 dare,
839 650 1024 680 contribuere.
1061 686 1065 692 .
1210 684 1216 690 ι

183 704 316 736 Conferre
326 702 361 731 ad
374 700 502 736 aliquem.
531 696 589 725 Cic.
601 703 651 732 pro
661 692 731 730 Lege
743 689 839 720 Manil.
852 695 896 724 48.
920 689 980 717 Hoc
991 683 1291 727 brevissimum'dicam,

203 742 344 773 neminem
354 745 475 774 unquam
489 741 543 764 tam
555 731 747 770 impudentem
759 728 852 763 fuisse,
875 727 921 764 qui
940 737 955 755 a
976 725 1027 754 diis
1037 721 1242 767 'ini-mortalibus
1252 726 1294 749 tot

204 782 229 811 δι
240 784 327 808 tantas
335 785 375 805 res
385 775 482 804 tacitus
494 772 608 801 auderet
625 774 721 807 optare
731 789 739 803 ,
761 772 829 803 quot
841 767 866 796 δι
884 769 998 802 quantas
1015 763 1054 791 dii
1076 759 1245 790 immortales
1258 758 1293 788 ad

206 818 258 848 Cn.
277 814 436 852 Pompeium
447 809 632 841 contulerunt.
673 806 713 835 Al.
739 803 911 833 Detulerunt.

187 855 320 886 Conferre
333 874 341 888 ,
362 849 498 886 Colloqui.
539 846 621 876 Plaut.
636 844 706 873 Rud.
717 849 743 872 2.
756 851 779 878 3.
791 847 816 875 8.
921 874 923 876 ι
1026 874 1032 881 ·

267 891 365 920 Verum
377 896 473 917 omnes
483 885 619 922 sapientes
630 882 711 911 decet
721 880 846 910 conferi-e
855 900 862 913 ,
885 878 909 907 ἃ
921 874 1043 905 fabulari.
1201 910 1207 917 .
1264 908 1270 914 ἶ

189 930 320 962 Conferte
331 927 417 956 studia
430 925 464 954 ad
476 923 617 953 arbitrium
628 919 748 949 alterius.
789 918 884 959 Cio—1.
902 915 975 943 Fam.
987 924 1012 947 9-
1035 912 1178 954 Quantum
1188 905 1295 953 litteris,

206 962 341 1005 quantum
351 960 444 993 studiis
455 984 462 995 ,
483 961 620 990 veteribus
630 957 725 987 nostris
733 952 962 984 delectationibus
979 951 1106 991 consequi
1127 953 1276 992 poterimus
1287 965 1296 979 ,

208 1006 238 1035 id
250 1012 334 1034 omne
343 1003 377 1032 ad
388 1001 530 1030 arbitrium
541 1006 619 1027 tuum
634 1017 642 1030 ,
663 996 710 1032 qui
727 994 786 1022 baec
797 992 902 1027 semper
913 990 1024 1022 amasti,
1046 985 1222 1030 libentissime
1233 993 1298 1013 con-

209 1044 339 1073 feremus.
378 1038 464 1075 Quod
474 1035 584 1074 quidam
595 1034 692 1063 dicunt
702 1054 711 1067 ,
732 1030 841 1060 Referre
852 1030 877 1058 ἃ
887 1028 1025 1057 remittere
1033 1032 1176 1062 negotium
1190 1023 1225 1052 ad
1234 1022 1299 1051 alte-

211 1082 268 1110 rius
282 1077 432 1108 censuram.
797 1105 802 1110 Π
932 1103 937 1109 ·
1062 1101 1067 1106 .
1262 1097 1268 1102 ·

194 1118 327 1149 Conferre
344 1115 378 1144 ad
390 1114 509 1150 aliquem
527 1109 656 1139 sinistram
680 1106 859 1142 diligentiam.
899 1102 967 1132 Plin.
979 1111 1005 1138 7.
1020 1100 1099 1137 Epist.
1114 1103 1140 1128 6.
1169 1094 1206 1128 Ut
1223 1105 1299 1140 enim

214 1165 271 1186 non
283 1154 332 1183 sirit
342 1152 409 1182 tales
419 1174 426 1187 ,
448 1148 541 1187 quales
556 1158 570 1176 a
582 1157 625 1175 me
637 1145 817 1183 praedicantur
828 1163 835 1175 ,
856 1150 908 1178 ego
923 1148 1017 1169 tamen
1029 1138 1125 1172 beatus
1138 1158 1145 1171 ,
1166 1135 1241 1173 quod
1252 1143 1301 1178 rni-

214 1194 244 1224 hi
258 1193 393 1222 videntur.
431 1188 515 1225 igitur
528 1185 562 1215 ad
573 1185 641 1214 alios
652 1181 723 1212 lianc
735 1181 862 1209 sinistram
873 1178 1044 1215 diligentiam
1056 1174 1209 1222 coqferant.
1232 1171 1300 1202 Dili-

215 1231 336 1269 gentiam
343 1227 451 1264 accepit
462 1225 507 1254 hic
516 1233 569 1261 quo
581 1222 664 1251 niodo
674 1219 819 1249 Terentius
830 1238 836 1250 ‚
859 1217 887 1244 in
895 1215 1012 1253 prologo
1024 1215 1131 1243 Anariae
1142 1234 1150 1247 ,

289 1268 416 1303 Quorum
424 1261 543 1293 aemulari
553 1265 667 1297 exoptat
676 1255 871 1298 negligentiam
883 1275 891 1287 ,
910 1291 915 1297 .
1218 1283 1224 1291 .
1247 1281 1263 1290 'a

291 1304 383 1335 Potius
402 1311 483 1338 quain
498 1300 608 1328 istorum
627 1295 768 1325 obscuram
790 1292 980 1328 diligentiam,
1072 1288 1100 1317 h.
1113 1297 1138 1316 e.
1160 1285 1302 1315 Curiosam

218 1342 432 1380 indagationem.
466 1338 506 1367 lta
518 1336 639 1371 Diligens
649 1333 730 1362 etiam
749 1330 776 1360 in
789 1329 888 1358 malam
901 1333 1007 1366 partem
1020 1334 1035 1355 a
1047 1325 1182 1355 Cicerone
1194 1323 1306 1360 usurpa-

220 1388 264 1410 tur
275 1402 283 1414 ,
304 1389 354 1417 pro
370 1377 441 1413 Lege
452 1374 547 1405 Manil.
569 1373 601 1402 ln
613 1372 666 1401 hoc
678 1377 734 1400 urio
744 1390 752 1403 ,
773 1367 878 1410 inquit,
898 1366 960 1395 sunt
971 1369 1026 1394 tam
1036 1363 1194 1401 diligentes.
1234 1361 1305 1391 Sini-

220 1419 298 1448 stram
312 1416 392 1454 igitur
403 1412 574 1450 diligentiam
587 1432 594 1445 ,
616 1410 633 1438 i.
646 1417 670 1437 e.
693 1406 793 1436 Malam
804 1427 812 1439 ,
832 1413 965 1448 iniquam.
1148 1437 1154 1443 ·

202 1455 334 1486 Conferre
344 1460 407 1482 cum
422 1451 514 1487 aliquo
527 1471 536 1484 ,
557 1457 606 1485 pro
619 1447 727 1476 Certare
739 1454 747 1480 3
769 1443 797 1472 id
808 1442 846 1472 est
855 1451 925 1471 vires
935 1440 993 1470 suas
1004 1449 1068 1470 cum
1077 1435 1189 1468 alterius
1198 1435 1306 1467 confer-

221 1503 252 1523 re
264 1492 375 1522 viribus.
397 1488 479 1519 Ovid.
492 1497 532 1516 ιο.
549 1485 618 1515 Met.
632 1488 694 1518 603.
842 1517 848 1523 .
873 1518 879 1525 .

281 1529 358 1565 Quid
367 1526 475 1557 facilem
485 1523 595 1554 titulum
604 1520 756 1560 superando
766 1525 863 1556 quaeris
872 1522 974 1547 inertes
986 1516 1001 1545 'l

281 1567 394 1597 Mecum
405 1564 500 1593 confer
510 1584 518 1597 ,
538 1562 585 1590 ait.

201 1605 352 1639 Conferre,
374 1612 423 1641 pro
438 1601 554 1630 Mutare.
576 1597 661 1627 Ovid.
673 1606 698 1631 4.
711 1594 778 1639 Met.
793 1598 856 1630 278.

282 1641 412 1678 Vulgatos
420 1644 498 1668 taceo
510 1659 518 1672 ,
539 1636 609 1665 dixit
621 1657 629 1671 ‚
650 1634 761 1671 pastoris
770 1639 877 1661 amores
916 1667 922 1673 ¹

281 1678 437 1717 Daphnidis
448 1676 510 1705 ldoei
521 1697 530 1711 ‚
550 1683 633 1711 quein
650 1671 785 1709 Nymphae
795 1668 903 1707 pellicis
914 1672 954 1697 ita

281 1715 407 1747 Contulit
417 1715 445 1743 in
455 1713 558 1743 saxum.
695 1742 697 1744 ,
814 1740 817 1742 ,

202 1756 250 1788 AEs
262 1754 394 1787 conferre,
415 1750 604 1781 Contribuere.
630 1746 711 1777 Ovid.
724 1757 750 1781 4.
768 1743 834 1774 Fast.
847 1749 911 1780 351.

202 1795 332 1825 Amorem
342 1790 474 1821 conferre.
497 1788 580 1817 Plaut.
591 1787 671 1815 Cure.
687 1795 710 1813 1.
727 1794 749 1812 1.
760 1788 805 1817 28.
903 1817 910 1824 .

293 1830 333 1860 Ita
343 1835 423 1858 tuum
437 1826 562 1856 conferto
573 1832 697 1854 amorem
707 1821 813 1858 semper
825 1818 842 1848 si
853 1817 925 1856 sapis
937 1838 948 1853 ‚

295 1867 339 1897 Ne
355 1866 385 1895 id
396 1865 470 1903 quod
478 1872 568 1898 ames,
589 1860 710 1899 populus
721 1859 739 1888 si
749 1858 815 1888 sciat
825 1879 833 1892 ,
853 1856 905 1886 tibi
918 1855 950 1885 sit
959 1851 1072 1893 probro.

221 1915 251 1936 re
263 1927 272 1941 ,
292 1914 342 1944 pro
352 1904 476 1933 Amorem
490 1901 592 1939 legunt.
731 1932 737 1940 Ι

205 1945 332 1975 Amorem
341 1941 466 1971 conserte
474 1939 566 1968 alicui.
587 1937 707 1974 Propert.
720 1933 768 1964 lib.
781 1942 808 1963 2.
820 1938 865 1968 24.
878 1937 925 1967 49.

205 1982 334 2012 Animum
349 1979 411 2008 alie.
433 1978 496 2007 Ter.
510 1977 607 2006 Heaut.
619 1984 644 2004 2.
659 1985 685 2007 4.
700 1982 740 2001 ιο.

284 2018 350 2048 Haec
359 2017 406 2046 ubi
417 2016 559 2045 immutata
569 2013 625 2048 est,
646 2010 686 2040 illi
699 2009 778 2039 suum
795 2008 920 2038 animum
939 2005 994 2035 alio
1012 2004 1169 2035 conferunt.
1251 1999 1270 2032 i.
1285 2011 1310 2032 e.

226 2055 298 2086 Alias
306 2060 407 2084 amarit.

208 2095 336 2125 Animum
345 2092 380 2121 ad
386 2088 534 2120 fodiendas
545 2094 643 2125 puteos
653 2085 806 2115 conferant.
827 2083 900 2112 Hirt.
912 2080 947 2111 de
956 2080 1024 2111 Bell.
1036 2080 1112 2109 Alex.
1124 2087 1185 2116 cap.
1196 2088 1221 2114 9.
1232 2087 1273 2115 pr.

209 2133 406 2167 Argumentum
424 2129 452 2156 in
463 2125 621 2165 paucissima
640 2123 723 2154 verba
740 2121 865 2152 conferre
877 2142 886 2156 ,
906 2120 924 2149 i.
935 2129 960 2149 e.
982 2119 1077 2149 Paucis
1100 2117 1202 2146 dicere.
1225 2112 1312 2146 Plaut.

229 2169 305 2198 Men.
340 2167 397 2196 rolo
419 2189 423 2194 .
435 2169 460 2194 6.

208 2176 433 2237 Benevosentiain
441 2211 503 2238 erga
512 2200 630 2237 aliquem
645 2197 780 2227 conferre.
802 2195 859 2225 Cic.
876 2194 1005 2238 103Fam.
1019 2203 1043 2228 ς.

211 2242 392 2277 Benignitatis
401 2240 550 2278 plurimum
561 2239 589 2266 in
604 2235 727 2272 aliquem·
737 2234 871 2264 conferre.
893 2232 951 2261 Cic.
967 2241 991 2261 1.
1009 2230 1066 2267 Off.
1079 2236 1121 2266 ςὀ.

212 2277 319 2318 Capita,
339 2274 391 2317 pro
402 2276 578 2314 Congregari,
596 2272 783 2304 &consultare
801 2272 836 2300 de
854 2279 881 2299 re
896 2269 986 2312 aliqua
999 2291 1007 2304 ,
1028 2266 1192 2304 [wissam]
1214 2265 1271 2296 Cic.
1288 2271 1314 2301 ξ.

232 2318 302 2347 Verr.
318 2327 341 2346 1.
364 2316 526 2346 conferrent
539 2312 590 2342 viri
601 2312 668 2341 boni
677 2311 782 2349 capita:
804 2309 839 2338 de
849 2307 1046 2338 comessatione
1056 2305 1234 2342 loquerentur
1244 2304 1316 2333 iiiter

230 2355 257 2384 se
266 2377 274 2390 ,
293 2364 325 2384 ac
338 2354 373 2383 de
384 2351 558 2382 mulierculis.

211 2393 300 2423 Castra
311 2391 416 2425 castris,
436 2399 485 2426 pro
497 2388 517 2418 E
532 2387 645 2425 regione
655 2383 844 2414 castrametari.
865 2383 923 2413 Cic.
933 2392 959 2412 2.
973 2382 1008 2411 de
1028 2378 1121 2411 Divin.
1135 2390 1196 2416 1¹4·

212 2430 370 2462 certamina
381 2427 444 2456 belli
454 2427 525 2456 inter
540 2425 594 2455 sese
603 2423 727 2454 conferre
739 2443 746 2455 ,
769 2421 955 2459 Coniungere.
976 2419 1048 2457 virg.
1064 2428 1106 2448 ιο,
1120 2419 1181 2449 AEn.
1194 2424 1255 2456 147.

290 2467 332 2497 llli
341 2467 411 2495 inter
420 2464 473 2494 sese
482 2464 543 2493 duri
553 2462 701 2493 certamina
709 2459 777 2490 belli

292 2503 481 2534 Contulerant.

213 2542 368 2573 Certamina
378 2545 476 2578 pugnae
485 2547 567 2568 manu
578 2536 712 2566 conferre.
733 2533 751 2564 i.
764 2543 788 2564 e.
810 2533 896 2564 Manu
907 2538 1021 2564 certare.
1043 2531 1150 2562 Luci'et.
1158 2528 1206 2561 lib.
1218 2540 1243 2566 4.
1255 2532 1318 2566 8⁴1·

305 2581 337 2608 At
351 2584 445 2607 contra
454 2576 578 2606 conferre
588 2583 671 2604 manu
684 2573 831 2602 certamina
842 2578 941 2610 pugnae
953 2593 961 2607 ,

306 2617 375 2646 Ante
391 2615 443 2644 suit
462 2613 550 2642 multo
564 2633 572 2647 ,
592 2621 675 2649 quam
695 2610 785 2639 lucida
800 2610 854 2639 tela
869 2609 1003 2639 volarent.
1098 2608 1116 2636 i.
1127 2616 1152 2637 e.
1174 2606 1249 2636 Prior
1265 2603 1319 2636 fuit

233 2653 404 2684 consuetudo
415 2650 541 2681 manibus
551 2650 632 2678 nudis
645 2654 800 2678 concertare
808 2669 816 2683 ,
837 2656 918 2685 quam
927 2646 989 2676 ense
999 2650 1046 2675 aut
1061 2643 1132 2674 telis.

217 2692 299 2722 Cibos
310 2701 357 2720 ore
367 2690 414 2720 suo
423 2689 570 2724 conserunt
580 2687 691 2716 foetibus
702 2695 772 2714 aves.
812 2684 929 2722 Quintil.
944 2684 989 2713 lib.
1002 2693 1027 2713 2.
1044 2693 1103 2720 cap.
1116 2686 1143 2712 6.
1174 2683 1242 2712 Aves
1261 2692 1320 2712 cer-

234 2731 344 2773 nimus,
365 2727 537 2766 quaeteneris
553 2747 561 2761 ,
582 2722 748 2760 infirmisque
765 2722 876 2752 foetibus
895 2722 973 2752 cibos
993 2731 1041 2750 ore
1062 2721 1110 2750 suo
1129 2720 1245 2750 collatos
1259 2730 1319 2758 par-

277 2774 324 2795 ntu
341 2789 346 2795 .

216 2774 342 2834 Ctdsifiliar.
383 2802 440 2832 Cic.
452 2811 478 2831 2.
492 2799 607 2837 Philipp.
622 2804 664 2834 38.
686 2797 779 2828 {inille
788 2807 942 2856 quenquam
956 2792 1019 2834 plus
1035 2792 1156 2825 dilexit?
1177 2804 1241 2825 cum
1259 2795 1319 2825 ullo

233 2849 279 2871 aut
289 2841 426 2870 sermones
435 2861 444 2875 ‚
463 2846 510 2868 aut
521 2836 631 2867 consilia
642 2835 759 2866 contulit
768 2834 862 2873 saepius
875 2859 880 2864 .

216 2879 365 2910 Consilium
379 2886 479 2911 omne,
499 2876 638 2909 studium,
658 2873 780 2903 officium
791 2894 799 2907 ,
819 2882 930 2910 operam
942 2893 950 2907 ,
969 2867 1094 2900 laborem
1105 2892 1113 2905 ‚
1134 2870 1318 2908 diligentiam,

236 2918 269 2945 ad
285 2915 495 2954 amplitudinem
504 2913 620 2947 alicujus
632 2912 775 2947 conferre,
797 2907 957 2946 [μετάγειν]
979 2910 1036 2938 Cic.
1053 2919 1093 2937 10.
1109 2908 1184 2938 Fam.
1201 2918 1223 2938 r.

217 2953 367 2983 Consilium
380 2951 489 2982 vivendi
506 2959 591 2979 omne
606 2949 641 2978 ad
653 2956 777 2978 naturam
793 2948 875 2976 suam.
915 2946 973 2976 Cic.
987 2956 1012 2976 r.
1029 2946 1084 2976 Off.
1098 2956 1158 2975 120.
1179 2947 1235 2981 Qui
1254 2950 1319 2981 erizo

236 2992 269 3020 ad
282 2999 381 3020 natura:
392 2990 443 3019 suae
453 2998 509 3017 non
520 2987 623 3017 vitiosae
632 2995 718 3025 genus
728 3007 737 3021 ,
755 2984 900 3015 consilium
918 2985 1031 3014 vivendi
1048 2992 1131 3013 omne
1150 2982 1318 3021 contulerit,

235 3029 257 3057 is
271 3029 447 3057 constantiam
456 3032 556 3055 teneat.
778 3022 783 3028 '

220 3065 424 3094 Consolationes
436 3063 567 3093 omnesin
576 3070 634 3090 rem
643 3060 771 3097 aliquam.
812 3059 870 3088 Cic.
884 3069 924 3089 12.
941 3059 993 3088 Att.
1004 3069 1049 3095 41.
1072 3059 1177 3090 Omnes
1185 3063 1245 3089 tuas
1254 3068 1320 3089 con.

237 3102 382 3132 soiariones
393 3111 474 3131 unam
490 3101 562 3130 hanc
577 3100 605 3128 in
612 3107 670 3128 rem
680 3098 765 3128 velim
773 3098 908 3127 conferas.
1073 3095 1078 3100 '

222 3140 396 3169 Consulatum
405 3139 485 3168 unius
495 3139 607 3167 tertium
616 3138 644 3166 in
655 3136 776 3166 eundem
787 3140 891 3164 annum
902 3156 909 3170 ‚
930 3134 959 3163 in
969 3142 1051 3171 quem
1058 3138 1139 3163 tuum
1149 3131 1318 3165 contulisses.

241 3177 306 3206 Plin.
318 3179 345 3206 in
360 3177 454 3213 paneg.
467 3186 528 3214 cap.
542 3179 587 3204 61.

222 3214 336 3252 Copiam
349 3215 502 3243 verborum.
535 3211 654 3249 Quintil.
667 3210 715 3240 lib.
731 3220 754 3240 1.
765 3219 826 3247 cap.
839 3214 866 3243 8.
888 3207 1009 3238 Multum
1021 3214 1112 3237 antem
1122 3215 1226 3238 veteres
1236 3210 1321 3240 etiam

240 3252 325 3280 Latini
337 3252 490 3286 conferunt,
511 3259 668 3288 quanquam
676 3248 800 3287 plerique
812 3247 874 3285 plus
883 3246 995 3283 ingenio
1006 3254 1087 3282 quam
1099 3252 1156 3275 arte
1166 3246 1320 3283 valuerunt,

242 3289 269 3318 in
281 3290 373 3326 primis
381 3290 490 3326 copiam
503 3288 657 3317 verborum.

225 3327 306 3355 Curas
315 3326 372 3356 suas
383 3348 390 3360 ‚
411 3328 435 3356 ἃ
446 3326 574 3362 quicquid
588 3321 667 3353 nobis
685 3323 722 3352 est
741 3333 756 3352 a
773 3322 832 3352 Deo
847 3321 942 3351 datum
954 3342 962 3355 ,
981 3320 1011 3349 in
1030 3319 1166 3358 Rempub.
1185 3321 1320 3352 conferre.

244 3363 300 3392 Cic.
312 3373 337 3392 2.
357 3363 412 3392 Off.
425 3373 451 3392 2.
474 3363 528 3398 Ego
536 3371 639 3396 autem,
655 3361 786 3398 quamdiu
805 3358 923 3397 Respub.
937 3368 985 3396 per
1001 3368 1047 3387 eos
1062 3357 1204 3394 gerebatur
1222 3358 1322 3396 quibus

243 3399 324 3436 seipsa
333 3400 503 3430 commiserat
513 3422 520 3435 ,
542 3409 639 3428 omnes
649 3408 722 3428 meas
735 3408 811 3427 curas
821 3419 829 3431 ,
849 3395 1084 3434 cogitationesque
1104 3395 1133 3424 in
1150 3404 1213 3425 eam
1229 3397 1322 3427 conse.

244 3437 343 3466 rebam.
370 3439 387 3466 i.
400 3448 423 3467 e.
446 3438 543 3467 Omnis
552 3447 613 3466 mea
621 3445 683 3465 cura
691 3446 740 3472 pro
750 3435 858 3473 Repub.
870 3440 935 3463 erat.

226 3473 308 3502 Curas
318 3475 350 3502 ad
363 3475 523 3510 dignitatem
535 3475 659 3507 alicuius,
680 3474 737 3502 Cic.
757 3483 797 3501 10.
817 3472 888 3502 Fam.
909 3480 952 3501 12.

227 3511 357 3540 Denarios
369 3512 483 3549 singulos
494 3514 522 3540 in
535 3513 658 3540 medium
668 3511 696 3540 in
709 3511 826 3548 singulos
837 3510 907 3541 talos
918 3510 1052 3539 conferre.
1075 3508 1150 3539 Suet.
1165 3508 1194 3538 in
1213 3509 1320 3547 August.

246 3558 305 3584 cap.
318 3558 360 3583 7¹·

227 3584 304 3613 Dicin
314 3586 339 3614 in
350 3586 473 3622 aliquem.
498 3585 554 3615 Cic.
564 3595 589 3622 7.
606 3585 677 3614 Fam·
689 3592 731 3619 31.

228 3621 309 3650 Diem
319 3621 450 3651 solvenda·
460 3624 582 3659 pecunia*
594 3625 673 3660 patto
688 3622 819 3651 conferi-e.
841 3621 1006 3660 Papinianus
1019 3621 1047 3650 in
1063 3620 1082 3650 l.
1105 3621 1200 3657 Quum
1218 3620 1323 3651 solven-

248 3659 297 3687 die.
320 3658 398 3702 Dud‘?
410 3660 525 3688 Distinet.
541 3662 613 3697 pigri.
635 3661 728 3695 Quum
737 3660 872 3688 solvendae
882 3661 1005 3696 pecuniae
1014 3660 1072 3688 dies
1082 3663 1162 3697 pacto
1171 3660 1322 3690 conferunt

249 3697 402 3738 conveniile
413 3698 531 3730 viderur,
551 3707 585 3725 ne
597 3698 672 3734 prius
680 3698 816 3725 vendendi
832 3698 953 3734 pignoris
963 3697 1080 3734 potestas
1095 3704 1264 3726 exerceatur.

231 3732 406 3774 Diligentiam
421 3734 448 3762 in
458 3734 641 3763 valetudinem
649 3735 763 3768 alicuius
772 3735 904 3763 conserte.
925 3736 982 3762 Cic.
995 3739 1034 3762 16.
1055 3735 1124 3763 Fam.
1139 3740 1163 3763 6.

230 3769 447 3814 Disputationcni
456 3772 577 3800 conserte
588 3773 614 3799 in
626 3772 740 3806 alicujus
752 3772 905 3808 personam,
927 3782 977 3809 pro
990 3772 1123 3800 lnducere
1135 3770 1324 3807 euniloquen-

251 3816 314 3837 teni.
353 3808 446 3849 §.1045
461 3810 510 3849 Art..
527 3818 565 3840 ις.
592 3809 667 3837 lianc
676 3819 737 3842 eigo,
750 3810 783 3837 de
796 3810 945 3844 Republica
958 3818 1039 3844 quam
1050 3810 1153 3838 institui
1164 3809 1324 3846 disputatio-

251 3853 313 3873 nem
323 3865 330 3875 .
352 3853 379 3887 i'n
394 3845 507 3872 Aincani
517 3845 653 3880 personam
666 3847 690 3874 ἃ
705 3845 806 3875 Phili&
818 3847 879 3875 Parti
889 3850 913 3875 δι
929 3847 1025 3875 Manlii
1036 3869 1043 3881 ,
1064 3846 1180 3876 contuli.

232 3882 450 3947 Dispt‘istationem
459 3881 486 3909 in
495 3890 603 3910 carmen
611 3884 748 3917 conterre,
768 3892 818 3919 pro
839 3885 965 3914 Carmine
979 3893 1159 3922 componere.
1184 3883 1320 3916 Columel.

249 3931 275 3955 9·
291 3929 302 3948 1
326 3939 332 3946 .

918 515 955 520 ——
965 498 1059 527 omnia

1165 1848 1208 1883 Al.
1233 1851 1311 1882 Ama·

1811 97 1840 133 Ο
1938 97 1974 132 O
2069 95 2105 130 N

1370 185 1451 215 Dona
1461 182 1587 212 conferre
1597 179 1687 210 alicui.
1728 178 1812 208 Plaut.
1834 179 1908 208 trien.
1925 188 1945 207 1.
1959 188 1985 207 α.
2001 187 2045 207 20.

1464 221 1516 250 Ubi
1532 227 1666 248 amatores
1677 217 1738 245 sunt
1749 218 1860 246 mariti?
1885 220 1901 244 d
1912 226 1958 244 iiia
1973 215 2039 252 quid
2056 213 2159 244 cessant
2169 213 2239 243 milii

1376 286 1382 290 .
1465 258 1599 287 Conferre
1610 264 1708 284 omnm
1723 256 1891 291 gratulantes
1902 277 1908 289 ‚
1931 254 1994 291 quia
2007 252 2128 291 pugnavi
2139 247 2268 281 fortiter?

1373 297 1505 329 Frurfturu
1516 295 1579 324 alio.
1603 293 1666 322 Ter.
1686 292 1752 320 Eun.
1769 302 1792 328 3.
1807 302 1828 320 1.
1845 298 1888 320 60.

1566 347 1603 351 -
1614 337 1720 359 metuet
1733 329 1849 367 semper,
1874 338 1955 365 quem
1971 327 2029 365 ipsa
2042 336 2119 356 nunc
2130 327 2207 365 capit

1467 371 1598 401 Fructum.
1608 390 1616 403 ,
1638 368 1787 403 nequando
1800 368 1882 396 iratus
1894 375 1923 395 tu
1935 366 1991 395 alio
2004 365 2139 394 conseras.

1376 409 1499 440 Gradum
1510 407 1638 437 conferre
1653 428 1660 440 ,
1681 404 1848 433 Convenire.
1872 404 1936 440 ng
1957 408 1982 432 6.
1996 403 2130 439 AEn-488.

1694 458 1731 462 -
1743 443 1817 477 juvat
1829 442 1913 478 usque
1920 441 2021 470 morari
2033 462 2041 474 ,

1470 480 1503 512 Et
1514 481 1640 511 conferre
1649 480 1762 516 gradum
1774 501 1782 513 ,
1804 482 1830 509 &
1841 479 1974 508 veniendi
1987 478 2092 507 discere
2106 475 2208 507 causas.

1379 522 1511 552 Gradum.
1536 519 1620 548 Plaut.
1634 519 1711 547 Men.
1727 526 1750 552 3.
1766 527 1789 553 3.
1803 527 1846 554 30.
1872 530 1875 533 ·

1473 558 1606 595 Propera,
1628 555 1788 584 Menaehme
1799 578 1807 589 ,
1826 555 1868 584 fei·
1878 553 1982 592 pedem
1999 574 2007 587 ,
2026 551 2123 581 confer
2132 551 2258 588 gradum.

1381 594 1502 627 Gradum
1515 595 1642 624 conferre
1653 603 1716 621 cum
1727 593 1804 622 hoste
1815 615 1823 626 ,
1847 592 1988 621 Hostiliter
2003 590 2134 618 invadere
2145 611 2152 623 ,
2175 590 2200 619 &
2210 588 2311 626 pedem
2320 589 2447 619 conferre
2455 590 2500 620 im

1400 635 1472 664 festis
1492 633 1582 662 armis.
1625 631 1680 659 Liv.
1697 640 1722 667 7.
1741 640 1782 667 33.
1815 630 1920 660 Primus
1939 628 2065 657 omnium
2082 626 2184 655 Consul
2198 627 2307 656 invadit
2324 626 2430 657 hostem
2443 649 2450 663 ‚
2472 629 2501 658 ἃ

1401 681 1464 701 cuni
1475 681 1529 708 quo
1544 672 1615 700 forte
1630 668 1749 698 contulit
1759 669 1875 705 gradum
1885 689 1893 703 ,
1915 666 2071 696 obtruncat.
2099 665 2227 695 Budaeus.

1381 709 1528 746 Impendia
1542 710 1570 737 in
1592 705 1790 736 educationem
1807 706 1942 736 conferre.
1984 703 2104 740 Quintil.
2128 712 2150 732 r.
2167 713 2208 731 ιο.
2235 702 2326 732 Senex
2344 701 2504 740 reposcenti

1401 748 1489 777 filiuni
1500 746 1585 783 patri,
1608 744 1831 774 velutrationem
1840 742 2050 782 impendiorum
2064 763 2072 777 ,
2093 750 2154 778 quae
2170 741 2201 770 in
2219 740 2417 770 educationem
2431 745 2499 771 con-

1401 785 1500 815 tulerat
1513 806 1520 819 ,
1542 792 1689 821 opponens
1699 804 1707 817 ,
1719 783 1771 812 διε.
2103 810 2106 813 .

1383 824 1529 861 ingenium
1539 822 1574 851 ad
1584 830 1643 850 rem
1651 820 1782 855 aliquam.
1822 819 1882 849 Cic.
1894 822 1936 848 16.
1952 818 2027 847 Fam.
2041 825 2083 852 13.
2103 814 2254 853 Ingenium
2265 821 2346 846 tuum
2360 816 2438 854 quod
2447 822 2501 856 ego

1403 861 1516 890 maximi
1529 859 1602 889 facio
1613 880 1621 892 ,
1642 857 1738 887 confer
1748 858 1783 886 ad
1793 864 1821 886 te
1831 857 1898 887 mihi
1911 879 1919 891 ,
1942 856 2049 892 tibique
2061 854 2289 884 conservandum.

1384 898 1500 935 injurias
1511 897 1653 930 conferre,
1675 896 1901 925 Commemorare
1912 895 2043 923 invicem.
2064 891 2219 922 Tacit-vit.
2231 892 2319 929 Agric.
2333 900 2375 927 ις.

1384 937 1501 966 Inventa
1515 935 1636 973 plurium
1650 935 1679 962 in
1691 943 1779 963 unum
1794 934 1927 962 conferre.
1951 929 2072 968 Quintil.
2090 939 2114 966 3.
2131 939 2154 959 1.

1385 975 1448 1005 lter.
1489 974 1546 1002 Cic.
1563 978 1585 1009 3.
1602 974 1653 1001 Art.
1667 981 1691 1007 3-
1714 972 1764 1001 Illo
1775 981 1860 1008 quum
1872 971 2014 1008 pervenire
2030 977 2088 997 nori
2107 967 2225 1004 liceret,
2245 967 2335 998 statim
2355 966 2408 997 iter
2419 966 2507 1001 Brum-

1404 1012 1514 1041 dusium
1525 1011 1615 1040 versus
1624 1009 1731 1039 contuli
1743 1031 1750 1045 ,
1772 1016 1836 1039 ante
1850 1010 1925 1039 diem
1934 1006 2094 1045 rogationis.

1387 1051 1461 1087 Lites
1470 1049 1611 1083 conferre,
1635 1048 1803 1078 Rixaricurn
1817 1048 1920 1085 aliquo.
1943 1046 2011 1076 Hor.
2027 1055 2051 1075 1.
2067 1044 2156 1075 Serm.
2172 1055 2197 1081 ς.
2212 1054 2257 1082 ς4.

1389 1088 1580 1118 Maledictain
1592 1086 1722 1123 aliquem.
1745 1085 1802 1116 Cic.
1819 1095 1862 1115 ιι.
1879 1089 1932 1114 Att.
1942 1089 1967 1119 8.

1388 1127 1505 1156 Manum
1516 1124 1682 1161 cunialiquo
1693 1124 1827 1154 conferre.
1849 1124 1922 1159 Virg.
1939 1131 1981 1152 12.
2001 1121 2059 1152 AEn.
2077 1125 2141 1157 678.

1387 1163 1525 1198 manum..
1546 1162 1590 1192 vel
1603 1171 1711 1191 manus,
1750 1161 1809 1191 Cic.
1827 1171 1878 1200 pro
1887 1161 1968 1191 Font.
1981 1169 2008 1191 2.
2039 1160 2141 1190 Partim
2157 1158 2206 1196 qui
2217 1162 2291 1194 geum
2299 1155 2360 1195 ipso
2376 1155 2418 1187 M.
2437 1155 2510 1187 Fon-

1407 1203 1464 1230 teio
1481 1201 1584 1230 serrum
1598 1210 1630 1230 ac
1641 1209 1738 1229 manus
1753 1200 1942 1229 contulerunt.

1390 1240 1519 1269 Munera.
1543 1239 1664 1276 Propert.
1676 1247 1702 1267 2.
1713 1247 1736 1273 ς.
1750 1247 1795 1273 25.

1471 1277 1539 1306 Haec
1550 1277 1600 1305 tibi
1610 1275 1786 1305 contulerant
1795 1275 1911 1305 caelestia
1923 1281 2039 1304 munera
2053 1270 2121 1303 divi.

1390 1315 1491 1349 Nutus.
1513 1313 1608 1344 Tibul.
1622 1314 1669 1342 lib.
1682 1323 1705 1343 1.
1719 1323 1742 1343 1.
1756 1323 1802 1344 21.
1823 1314 1865 1344 De
1874 1313 1981 1342 Venere
1991 1312 2126 1349 loquens,

1472 1352 1520 1382 Illa
1531 1353 1590 1381 viro
1602 1362 1694 1381 coram
1708 1358 1792 1382 nutus
1800 1352 1927 1382 conferre
1936 1351 2076 1388 loquaces.
2159 1345 2276 1378 subaudi
2289 1368 2297 1382 ‚
2317 1342 2419 1376 Docet.

1392 1390 1529 1421 Officiain
1541 1390 1672 1427 aliquem.
1712 1389 1772 1419 Cic.
1784 1390 1820 1420 de
1829 1390 1938 1419 Amicit.
1950 1398 1994 1426 74.
2018 1386 2157 1418 Odiosum
2175 1383 2239 1415 sane
2259 1392 2346 1423 genus
2363 1383 2513 1415 hominum

1412 1429 1503 1458 officia
1513 1427 1759 1466 exprobrantium:
1780 1438 1840 1465 quae
1849 1426 2004 1457 meminisse
2013 1426 2100 1456 debet
2109 1425 2132 1455 is
2142 1446 2152 1461 ,
2174 1425 2205 1453 in
2217 1432 2302 1462 quem
2320 1422 2421 1452 collata
2432 1421 2512 1452 sunt2

1414 1477 1472 1496 non
1489 1471 1710 1496 commemorare
1721 1466 1767 1502 qui
1779 1466 1908 1495 contulit.

1393 1505 1495 1536 Officia
1509 1504 1676 1572 gonferrggi
1686 1513 1753 1540 eos,
1774 1513 1844 1542 quos
1864 1503 2006 1542 speramus
2025 1501 2107 1531 nobis
2126 1500 2301 1540 profuturos,
2322 1508 2382 1528 non
2405 1497 2515 1530 dubita-

1417 1553 1488 1573 mus,
1535 1552 1569 1572 ic.
1583 1552 1604 1572 1.
1668 1564 1674 1571 .
1685 1547 1731 1577 48.

1395 1581 1576 1619 Quicquidin
1585 1589 1651 1610 eum
1659 1579 1757 1614 judicii
1767 1579 1909 1616 officiique
1925 1577 2076 1609 contuleris
2087 1599 2096 1613 ,
2116 1576 2146 1606 id
2160 1576 2198 1606 ita
2214 1583 2261 1605 me
2278 1574 2422 1612 accipere,
2443 1578 2474 1604 ut
2485 1574 2517 1605 in

1416 1629 1461 1648 me
1475 1619 1565 1657 ipsum
1578 1626 1672 1656 putem
1689 1617 1844 1647 contulisse.
1866 1617 1924 1646 Cic.
1938 1627 1980 1647 10.
1994 1616 2070 1645 Fam.
2086 1624 2109 1644 r.

1396 1658 1522 1696 Operam
1532 1656 1610 1686 adali
1632 1657 1688 1685 uid.
1728 1655 1785 1685 Cic.
1798 1667 1823 1690 4.
1837 1655 1912 1685 Fam.
1928 1663 1951 1691 3.
1983 1654 2107 1684 Omnem
2126 1660 2219 1682 meam
2238 1658 2333 1682 curam
2345 1655 2429 1687 atque
2448 1657 2522 1687 ope<

1417 1705 1475 1725 ram
1488 1696 1523 1724 ad
1535 1666 1741 1732 philosophiam
1752 1692 1906 1722 eontuliffe.

1397 1731 1548 1764 Plurimum
1568 1742 1678 1770 operae,
1698 1732 1800 1766 studii,
1820 1730 1990 1768 diligentiae,
2017 1728 2140 1766 laboris,
2161 1728 2198 1758 ad
2217 1726 2426 1757 conficiendum
2446 1725 2519 1756 redi-

1418 1778 1478 1800 tum
1492 1771 1608 1806 alicujus
1622 1769 1757 1799 conferre.
1780 1769 1837 1799 Cic.
1851 1780 1878 1804 4.
1893 1770 1943 1798 Atr.
1956 1778 1980 1798 1.

1398 1808 1565 1840 Orationem
1580 1809 1615 1837 ad
1631 1818 1689 1837 rem
1708 1807 1839 1844 aliquam.
1879 1806 1938 1836 Cic.
1954 1815 2004 1844 pro
2017 1805 2104 1843 Ligar.
2116 1814 2157 1842 pr.
2190 1801 2297 1833 Omissa
2313 1801 2518 1838 controverfia,

1419 1848 1511 1876 omnis
1521 1848 1610 1877 oratio
1618 1846 1653 1875 ad
1664 1845 1880 1875 misericordiam
1887 1851 1963 1874 tuam
1971 1843 2142 1873 conferenda
2152 1842 2199 1872 est.

1399 1881 1506 1916 Partem
1518 1894 1645 1921 magnam
1654 1884 1690 1913 ad
1700 1883 1806 1921 aliquid
1816 1883 1953 1912 conferre.
1993 1880 2062 1911 Cels.
2072 1880 2122 1910 lib.
2131 1883 2158 1910 6.
2174 1889 2235 1917 cap.
2248 1882 2275 1909 6.
2296 1877 2458 1916 Ingentibus
2472 1885 2520 1907 ve«

1418 1930 1449 1953 ro
1463 1923 1578 1953 &variis
1588 1922 1694 1952 casibus
1701 1920 1776 1951 oculi
1787 1921 1871 1950 nostri
1882 1925 1989 1958 patent,
2009 1918 2056 1957 qui
2066 1928 2152 1956 quum
2161 1926 2289 1955 magnam
2299 1923 2407 1955 partem
2414 1916 2449 1945 ad
2456 1917 2521 1945 vita

1421 1962 1477 1990 sim:
1485 1961 1500 1989 il
1511 1963 1537 1990 ὁὶ
1546 1961 1624 1990 usum
1636 1961 1662 1990 ἃ
1673 1959 1856 1989 dulcedinem
1865 1959 2012 1990 conferant
2021 1979 2029 1994 ,
2050 1957 2157 1987 summa
2166 1965 2232 1986 cura
2240 1955 2339 1985 tuendi
2348 1954 2419 1985 sunt.

1403 1999 1500 2030 Pacem
1513 2000 1648 2028 conferre.
1678 1999 1709 2029 In
1729 2006 1809 2027 PAX.

1402 2037 1554 2067 Pecuniam
1571 2038 1600 2065 in
1618 2045 1698 2074 opus.
1739 2035 1806 2065 Plin.
1820 2045 1863 2064 10.
1879 2034 1963 2072 Epist.
1982 2040 2027 2070 η.
2058 2032 2170 2062 Deinde
2189 2041 2272 2069 quam
2291 2028 2341 2068 ipsi
2360 2037 2474 2066 erogare
2490 2028 2524 2063 in

1422 2075 1515 2105 oleum
1526 2071 1612 2110 soliti,
1633 2073 1720 2111 parati
1730 2073 1792 2103 sunt
1805 2073 1834 2102 in
1845 2082 1917 2110 opus
1927 2071 2030 2101 balinei
2041 2071 2176 2100 conferre.
2198 2069 2311 2099 subaudi
2324 2068 2481 2097 Pecuniam.

1404 2112 1552 2143 Pecuniam
1567 2134 1575 2148 ,
1598 2112 1686 2141 aliter.
1727 2112 1786 2141 Cic.
1798 2121 1822 2147 3.
1835 2110 1891 2140 Off.
1903 2120 1948 2146 93.
1971 2109 2027 2139 Nisi
2038 2109 2109 2138 forte
2119 2117 2180 2137 eam
2190 2107 2342 2145 pecuniam
2357 2108 2389 2135 in
2398 2103 2521 2143 Reipub-

1426 2160 1556 2188 magnum
1569 2150 1681 2187 aliquod
1694 2155 1806 2187 tempus
1817 2149 1975 2178 contulerit.
2013 2147 2032 2176 i.
2045 2156 2070 2177 e.
2092 2146 2254 2176 Reservarit.

1405 2188 1507 2219 Pedem
1518 2210 1526 2223 ,
1549 2198 1598 2221 oro
1613 2188 1761 2218 Accedere.
1784 2187 1869 2217 Plaut.
1883 2186 1971 2216 Mero.
1985 2195 2009 2219 ς.
2023 2195 2047 2215 2.
2060 2194 2106 2221 41.

1499 2226 1525 2256 O
1539 2227 1657 2255 Charine
1667 2248 1675 2261 ,
1697 2232 1793 2255 contra
1803 2226 1904 2263 pariter
1913 2224 1955 2253 fer
1966 2223 2082 2260 gradum
2094 2245 2102 2258 ,
2124 2223 2150 2252 δι
2161 2220 2257 2250 confer
2267 2219 2379 2258 pedem.

1405 2264 1509 2295 Pedem
1524 2265 1651 2293 conferre
1662 2264 1768 2300 antiqui
1785 2264 1901 2298 dicunt,
1922 2261 1999 2299 quod
2016 2271 2083 2295 nos,
2105 2260 2148 2289 Ad
2167 2260 2302 2297 punctum
2321 2256 2414 2287 venire
2426 2278 2435 2290 ‚
2455 2254 2526 2287 dici-

1426 2312 1487 2332 mus
1497 2303 1523 2332 &
1533 2303 1658 2340 Jungere.
1698 2302 1756 2331 Cic.
1768 2311 1818 2339 pro
1829 2300 1921 2330 Plane.
1933 2305 1979 2335 48.
2001 2299 2068 2329 Non
2078 2297 2188 2336 possum
2198 2296 2283 2333 magis
2291 2296 2391 2333 pedem
2400 2295 2529 2323 conferre

1427 2341 1479 2376 (ut
1497 2341 1595 2375 aiunt)
1616 2347 1663 2369 aut
1683 2340 1798 2377 propius
1815 2338 1957 2369 accedere.
1980 2337 2046 2374 quid
2063 2336 2160 2366 taces?
2182 2334 2250 2372 quid
2264 2332 2438 2363 dissimulas?
2459 2331 2527 2369 quid

1425 2378 1629 2415 tergiversaris?
1651 2377 1777 2407 Budaeus.
1811 2409 1814 2411 ,

1407 2415 1511 2447 Pedem
1525 2416 1650 2445 conferre
1661 2415 1792 2445 dicuntur
1803 2414 1944 2448 Oratores,
1963 2420 2049 2450 quum
2060 2416 2224 2450 argumenta
2235 2407 2450 2440 adversariorum
2459 2416 2525 2436 con-

1428 2455 1517 2484 futare
1535 2454 1741 2491 aggrediuntur.
1783 2452 1901 2489 Quintil.
1913 2451 1960 2481 lib.
1975 2461 1998 2486 ς.
2020 2460 2081 2488 cap.
2101 2458 2143 2486 13.
2174 2449 2246 2479 Tam
2264 2446 2380 2477 molesta
2395 2446 2474 2481 sunt,
2496 2451 2526 2475 ut

1430 2492 1530 2530 pedem
1545 2492 1669 2521 conferre
1680 2501 1744 2521 cum
1754 2490 1864 2528 singulis
1874 2499 1933 2519 non
1942 2488 2082 2526 expediat.

1411 2527 1513 2562 Pellem
1525 2530 1686 2559 hominibus
1696 2530 1756 2559 haec
1765 2528 1921 2558 conferunt.
1962 2525 2099 2557 Columel.
2112 2524 2160 2554 lib.
2176 2533 2201 2553 1.
2219 2532 2251 2553 ca
2275 2533 2318 2558 .ς.
2349 2520 2419 2556 Quae
2434 2520 2483 2549 nisi
2498 2519 2528 2550 vi

1432 2569 1536 2604 majore
1547 2575 1694 2597 ventorum
1704 2567 1897 2611 inspirantium
1913 2565 2127 2598 submoventur,
2148 2561 2251 2600 pecudi
2274 2558 2529 2596 ushorninibusque
2571 2598 2574 2600 .

1430 2606 1579 2635 'conferunt
1590 2606 1701 2643 pestem.
1732 2615 1749 2634 1.
1767 2615 1792 2634 e.
1815 2603 1947 2633 Afferunt.

1412 2644 1561 2674 Rationem
1574 2643 1639 2673 belli
1648 2643 1750 2680 aliquo.
1792 2641 1858 2672 Caes.
1869 2650 1895 2675 ι.
1912 2640 1980 2671 Bell.
1993 2637 2130 2672 Civilaq.
2151 2637 2194 2667 Ibi
2212 2636 2364 2666 adventum
2381 2635 2529 2673 expectare
2548 2637 2550 2639 ’

1434 2680 1577 2719 Pompeii,
1599 2691 1687 2718 eoque
1700 2690 1813 2716 omnem
1824 2679 1892 2709 belli
1900 2678 2037 2708 rationem
2046 2677 2173 2706 conferre
2183 2674 2310 2704 instituit.

1413 2716 1486 2750 Rem
1499 2721 1525 2747 in
1535 2729 1621 2756 pauca
1632 2741 1639 2753 ,
1661 2729 1712 2755 pro
1723 2719 1792 2748 Rem
1803 2716 1964 2747 accelerare.
1987 2715 2071 2745 Plaut.
2085 2714 2159 2744 Poen.
2170 2723 2196 2750 ς.
2209 2723 2235 2750 4.
2249 2721 2293 2749 54.

1413 2757 1468 2788 Res
1478 2758 1613 2786 Romanas
1626 2759 1653 2785 in
1663 2757 1774 2786 historia
1786 2756 1921 2785 conferre.
1942 2753 1974 2783 V.
1995 2762 2016 2782 H
2026 2763 2035 2781 1
2045 2762 2057 2781 s
2066 2761 2086 2780 'r
2095 2762 2112 2781 o
2120 2762 2136 2781 a
2145 2761 2192 2781 ur.

1413 2796 1542 2825 Sarcinas
1553 2796 1679 2824 conferre
1694 2795 1721 2824 in
1732 2794 1866 2824 medium.
1890 2792 1965 2822 Curt.
1976 2795 2002 2820 6.
2014 2794 2040 2820 6.
2054 2800 2096 2825 14.

1412 2832 1583 2900 Ξῧιςοηῗετὲε
1595 2834 1725 2899 {cuntur
1736 2855 1743 2868 ,
1764 2832 1820 2868 Qui
1829 2829 1859 2860 se
1867 2829 2097 2868 conglomerant,
2116 2825 2160 2856 vel
2171 2826 2201 2855 in
2219 2822 2364 2855 cumulum
2380 2818 2526 2860 colligunt·

1465 2881 1502 2901 in.
1513 2877 1538 2904 S.
1563 2871 1569 2877 '
1594 2871 1600 2897 i
1628 2894 1632 2899 .
1644 2875 1669 2899 6.

1413 2908 1548 2938 Conferre
1556 2881 1682 2938 septorum
1694 2907 1727 2937 ad
1739 2907 1889 2937 amicitiam
1898 2905 2023 2941 alicujus.
2042 2902 2104 2933 Cic.
2118 2912 2161 2932 ιι»
2171 2898 2246 2931 Fam.
2259 2909 2304 2936 29.

1413 2947 1454 3013 fild
1465 2947 1596 2983 aliquem.
1636 2945 1694 2976 Cic.
1704 2947 1739 2976 de
1749 2945 1858 2975 Ainicit.
1870 2954 1912 2982 pr.
1935 2943 2000 2980 Quo
2015 2947 2126 2970 mortuo
2144 2950 2190 2970 me
2202 2941 2236 2968 ad
2253 2936 2414 2968 Pontificem
2423 2935 2531 2966 Scaevo-

1444 2995 1487 3013 am
1498 2984 1613 3013 contuli.

1412 3023 1455 3052 -Ad
1463 3023 1656 3059 auffloritatem
1669 3021 1796 3057 alicujus.
1818 3019 1876 3048 Cic.
1888 3029 1914 3054 4.
1925 3018 2007 3048 Acad.
2021 3028 2045 3053 9.
2066 3016 2147 3046 Idem
2157 3025 2184 3052 4.
2204 3012 2325 3051 Philipp.
2343 3022 2367 3047 ς.
2389 3010 2447 3048 Qui
2457 3009 2483 3039 se
2493 3009 2532 3040 ad

1432 3061 1548 3117 Senatus
1570 3061 1780 3096 austeritatem,
1800 3058 1837 3087 ad
1854 3056 2015 3086 libertatem
2035 3054 2167 3090 vestram,
2189 3053 2229 3083 ad
2250 3050 2406 3082 universam
2427 3049 2527 3086 Remp.

1431 3103 1621 3127 contu·.erunt.

1414 3133 1455 3165 ad
1467 3145 1560 3164 curam
1572 3135 1692 3173 aliquam
1706 3134 1732 3164 ῐὲ
1745 3133 1880 3164 conferre.
1918 3131 1981 3162 Cic.
1994 3137 2021 3169 7.
2035 3130 2087 3160 Att.
2102 3139 2127 3161 1.
2147 3138 2189 3169 pr.
2216 3127 2328 3164 Legitur
2346 3125 2531 3160 Convertere,

1433 3174 1462 3202 in
1476 3173 1638 3210 quibusdam
1651 3171 1865 3210 exemplaribus.

1414 3212 1455 3241 Ad
1466 3211 1704 3248 investigationem
1716 3217 1826 3239 naturae.
1849 3208 1909 3238 Cic.
1923 3217 1947 3236 1.
1962 3206 2044 3236 Acad.
2057 3214 2100 3241 ιη..
2457 3237 2463 3244 .

1413 3249 1457 3278 -Ad
1475 3249 1611 3285 Rempub.
1654 3248 1710 3278 Cic.
1723 3249 1757 3276 de
1772 3247 1936 3278 iimicit.86.
1964 3245 2005 3274 De
2023 3243 2160 3277 amicitia,
2184 3248 2283 3270 omnes
2296 3238 2332 3268 ad
2349 3246 2437 3267 urium
2454 3237 2531 3266 idem

1434 3286 1572 3319 sentiunt,
1594 3288 1619 3315 ἃ
1631 3286 1659 3315 hi
1676 3286 1720 3323 qui
1737 3286 1771 3314 ad
1785 3283 2000 3320 Rempublicam
2019 3281 2045 3311 se
2064 3279 2263 3313 contulerunt,
2285 3277 2310 3306 δι
2327 3274 2419 3320 lasqui
2437 3282 2532 3318 rerum

1434 3324 1596 3390 pounwione
1615 3324 1794 3360 doctrinaque
1811 3321 1994 3351 delectantur.
2032 3319 2051 3350 i.
2067 3329 2092 3349 e.
2125 3316 2244 3355 Reipub.
2266 3313 2532 3344 administrationem

1449 3362 1509 3390 uice:
1520 3368 1620 3390 ierunt.

1416 3399 1457 3428 Ad
1473 3373 1568 3428 finilia.
1608 3399 1682 3428 Suet.
1702 3398 1737 3427 de
1749 3394 1819 3426 Clar.
1840 3396 1931 3424 Gram.
1944 3404 1989 3429 24.
2002 3403 2042 3432 pr.
2065 3393 2105 3423 M.
2127 3391 2251 3422 Valerius
2270 3387 2372 3417 Probus
2386 3386 2531 3425 Berytius,

1436 3437 1483 3466 diu
1496 3438 1685 3466 Centuriatum
1696 3435 1793 3472 petiit,
1815 3434 1908 3462 donec
1920 3433 2002 3461 raedio
2016 3431 2050 3460 ad
2062 3431 2149 3460 studia
2169 3429 2194 3458 se
2214 3426 2340 3457 contulit.
2382 3423 2441 3454 Cic.
2454 3433 2480 3468 ²:
2495 3424 2532 3452 de

1436 3474 1566 3509 Finibus,
1595 3472 1816 3504 Praestaiitiisimis
1831 3471 1951 3507 ingeniis
1971 3469 2097 3499 homines
2117 3468 2143 3496 se
2160 3467 2196 3496 ad
2212 3463 2397 3503 philosophiae
2412 3462 2532 3492 studium

1436 3512 1622 3541 contulerunt.
1643 3512 1700 3540 Cic.
1714 3521 1763 3548 pro
1775 3508 1852 3539 Arch.
1864 3521 1890 3543 4.
1907 3508 1941 3538 Se
1951 3509 1985 3537 ad
1996 3506 2131 3537 scribendi
2143 3504 2263 3534 studium
2273 3501 2402 3532 contulit.
2414 3500 2478 3530 add.
2487 3502 2529 3528 16.

1418 3550 1458 3579 Ad
1468 3550 1591 3579 umbram
1602 3550 1706 3579 arboris
1718 3548 1745 3577 se
1758 3547 1885 3578 conferre
1897 3568 1905 3582 ‚
1926 3556 1977 3585 pro
1990 3545 2039 3575 Ire.
2063 3543 2148 3574 Ovid.
2158 3553 2185 3578 4.
2198 3542 2264 3570 Met.
2280 3549 2290 3568 1
2299 3542 2340 3568 16.
2371 3538 2410 3568 Al.
2430 3538 2532 3567 Secum

1436 3588 1517 3616 ferre.

1419 3624 1568 3654 Adiiostes.
1606 3624 1667 3653 Cic.
1679 3621 1714 3652 de
1727 3621 1835 3652 Amicit.
1850 3629 1894 3658 37.
1933 3621 2029 3657 ltaque
2038 3619 2089 3649 hac
2099 3615 2220 3647 amentia
2235 3613 2384 3657 quaestione
2393 3621 2465 3641 nova
2473 3617 2533 3649 pen-

1437 3663 1547 3691 territus
1561 3684 1568 3696 ,
1589 3662 1617 3690 in
1631 3661 1715 3690 Asiam
1727 3661 1864 3698 profugit,
1885 3660 1918 3688 ad
1929 3659 2020 3688 hostes
2032 3656 2056 3686 se
2066 3654 2202 3690 contulit,
2223 3661 2321 3690 poenas
2332 3652 2411 3689 iteip.
2427 3655 2531 3688 graves,

1440 3699 1572 3734 iustasque
1583 3698 1719 3736 persolvit.
1753 3699 1770 3728 i.
1783 3708 1806 3726 e.
1830 3697 1969 3726 Proset‘tus
1980 3694 2035 3729 est,
2056 3693 2114 3722 ivit.

1421 3737 1452 3766 ln
1461 3738 1610 3766 amicitiam
1625 3738 1651 3765 ,Q
1661 3736 1744 3765 fidem
1756 3735 1883 3771 alicujus.
1903 3734 1965 3764 Cic.
1977 3742 2003 3767 7.
2015 3732 2087 3762 Fam.
2104 3736 2144 3766 17.

1419 3773 1452 3805 In
1464 3774 1547 3803 fidem
1566 3776 1591 3803 ἃ
1610 3771 1768 3803 clientelam
1783 3773 1905 3802 alterius.
1946 3772 2004 3801 Cic.
2018 3779 2067 3807 pro
2078 3767 2157 3797 Roi‘c.
2170 3765 2260 3794 Amer.
2275 3766 2335 3808 106.
2359 3762 2464 3792 Omnes
2478 3767 2532 3804 ,eos

1437 3812 1532 3841 'colere
1544 3816 1624 3847 atque
1634 3811 1775 3840 observare
1786 3809 1965 3844 destiterunt,
1987 3817 2019 3838 ac
2033 3806 2059 3836 se
2071 3806 2100 3835 in
2118 3802 2288 3840 Chrysogoni
2303 3801 2389 3830 fidem
2409 3801 2435 3829 δι
2448 3798 2533 3828 clien-

1441 3849 1524 3878 telam
1535 3849 1722 3878 contulerunt.

1422 3887 1454 3917 In
1465 3887 1621 3915 societatem
1632 3887 1795 3922 aliquorum.
1837 3884 1896 3914 Cic.
1911 3893 1953 3918 η.
1965 3882 2038 3913 Fam.
2052 3889 2094 3911 ro.
2115 3877 2227 3909 Deinde
2236 3875 2312 3915 quod
2321 3881 2427 3906 mature
2436 3872 2461 3903 se
2470 3879 2535 3902 con·

1441 3924 1507 3954 tulit
1519 3925 1549 3954 in
1558 3924 1719 3955 societatem
1729 3922 1955 3961 publicanorum.
2461 3944 2523 3977 cm

2524 3959 2535 3972 8
