2641 4187
443 123 726 174 ΑΒ]

85 205 233 236 Generum.
263 205 335 242 Virg.
350 214 375 243 7.
396 204 458 236 AEn.
473 217 514 240 ςς.

225 261 261 265 fi
279 245 350 282 petit
371 251 434 272 ante
451 242 519 272 alios
533 242 736 281 pulcherrimus
753 255 851 276 omnes

162 280 274 311 Turnus
287 303 294 316 ‚
322 280 384 310 *avis
401 281 541 317 atavisque
559 289 675 318 potens,
697 292 779 319 quem
797 286 870 321 regia
887 289 1011 324 conjunx

165 318 284 355 Adjungi
304 327 436 352 generum
454 319 525 347 miro
543 319 708 356 properabat
734 330 834 351 amore.

83 354 178 385 Metus
199 356 233 385 ad
250 356 363 392 gratiam
377 355 532 391 adjunctus.
569 356 626 385 Cic.
644 366 695 394 pro
707 357 817 388 Cluent.
834 364 859 394 8.
883 361 920 391 Ut
939 362 1038 400 aliquis
1054 372 1143 393 metus
1158 362 1205 393 ad.

102 391 213 427 junctus
231 391 263 421 sit
280 391 314 422 ad
334 393 455 433 gratiam.

79 429 221 461 Numeros
239 430 327 459 verbis
337 430 439 459 solutis.
464 430 521 459 Cio.
532 430 560 473 in
572 429 648 473 Ora-t.
663 440 723 468 174.
747 431 803 469 Qui
816 433 959 466 Isocratem
972 439 1092 468 maxime
1105 439 1205 467 miran-

101 473 154 502 tur,
172 468 327 501 hocineius
339 467 450 497 summis
467 467 598 497 laudibus
616 470 725 505 lerunt,
747 472 823 507 quod
843 474 932 504 verbis
958 475 1052 505 solutis
1074 485 1204 505 numeros

101 506 205 542 primus
223 506 388 541 adjunxerit.

83 543 286 580 Opportunitas
303 543 434 576 adiuncta
451 540 486 572 ad
500 549 612 573 coeteras
629 544 769 585 thtates.
802 546 859 576 Cic.
874 558 924 585 pro
948 549 1019 587 Lege
1039 549 1135 580 Manil.
1159 561 1201 585 50.

100 580 186 611 Nunc
198 590 283 624 quum
298 581 333 610 ad
342 580 460 609 summas
470 580 602 610 utilitates
623 582 681 611 haec
693 592 804 620 quoque
824 589 1017 622 opportunitas
1029 587 1203 622 adiunuatur,

43 622 51 623 '
100 618 170 648 utin
185 618 226 647 his
236 618 298 655 iplis
310 618 379 647 locis
391 618 468 652 adsit,
481 625 510 647 ut
522 619 619 648 habeat
634 620 789 650 exercitum
800 643 807 655 ,
831 623 901 652 urzib
913 624 953 660 iis,
976 626 1022 663 qui
1035 619 1146 661 habent,
1161 635 1207 654 ac-

102 656 195 693 cipere
208 656 296 685 statirn
310 656 407 694 polilt,
427 656 494 692 quid
506 659 687 694 expectamus
697 659 710 686 ⁶?

83 693 257 760 anssmenta
271 694 390 723 oratoria
411 694 524 723 dicendi
545 695 579 724 ad
593 695 758 732 elegantiam
776 695 924 727 verborum
944 699 1112 730 Latinorum.
1144 700 1204 730 Cic.

103 741 133 760 m
163 738 233 760 ruto.

82 766 240 800 Provincias
256 769 291 798 ad
307 768 454 807 imperium
466 792 474 804 ,
488 775 534 799 aut
547 769 756 807 rempublicam.
779 771 797 800 i.
822 781 846 801 e.
871 773 977 804 Addere
995 776 1038 805 vel
1059 776 1205 813 Aequirere

100 807 227 844 imperio.
250 807 308 836 Cic.
321 818 371 845 pro
385 807 455 845 Lege
467 807 563 837 Manil.
587 808 823 846 Qiinquagefimo
848 810 893 840 die
903 819 989 842 totam
1004 815 1038 843 ad
1057 814 1206 852 imperium

0 876 1 882 ἵ
23 874 26 877 .
101 853 167 882 pop.
190 844 307 882 Romani
322 845 447 874 Ciliciam
463 845 599 881 adjunxit.

0 890 1 924 i
82 883 117 913 Se
135 882 170 911 ad
184 883 303 912 rationes
319 883 444 919 alicujus.
476 883 532 912 Cic.
559 893 579 912 1.
603 882 678 912 Fam.
700 888 725 917 8.
748 883 797 913 Me
815 885 849 914 ad
858 886 916 921 ejus
935 888 1054 918 rationes
1072 889 1205 927 adjungo.

101 929 185 957 quem
198 926 229 949 tu
242 919 270 949 in
281 922 350 950 meis
368 920 519 950 rationibus
535 919 648 950 tibieffe
671 921 882 957 adjungendum
902 925 1000 955 nutasti.

82 957 117 988 In
137 957 297 988 societatem
317 959 415 988 urbem
435 958 563 996 aliquam.
588 958 644 987 Liv,
660 967 685 995 7.
708 958 776 988 Bell.
798 935 906 990 Maced.

81 995 140 1025 Sibi
161 995 285 1071 {gei-uni,
304 997 379 1034 quod
398 998 424 1027 ἃ
437 996 550 1026 Sociuni
562 995 709 1026 adsciscere
731 997 858 1028 dicimus.
891 999 949 1030 Cic.
965 1010 987 1039 3.
1001 1001 1037 1032 de
1047 1001 1106 1032 Fin.
1130 1012 1155 1039 9.
1180 1003 1207 1033 ἇς

121 1043 151 1062 ro
198 1042 286 1063 uintio
311 1045 351 1064 12.

0 1080 1 1099 i
81 1043 139 1101 Sibi
152 1071 258 1102 socium
268 1073 304 1102 ad
317 1072 416 1102 malam
430 1081 497 1101 rem.
528 1070 614 1100 Plaut.
633 1071 702 1101 Asin.
718 1081 744 1101 2.
755 1081 780 1101 2.
794 1082 837 1102 22.

0 1119 1 1147 ς
81 1108 212 1147 Singulos
223 1110 350 1146 adjunxit
360 1108 395 1139 ad
407 1108 517 1146 singula.
541 1109 601 1140 Cic.
612 1109 647 1138 de
660 1108 781 1140 Univers.
795 1119 837 1148 37.

0 1150 1 1184 l
81 1146 191 1178 Tauros
209 1155 305 1183 aratro.
326 1147 421 1178 Tibul.
443 1147 490 1176 lib.
507 1157 566 1183 1.9.

0 1185 1 1206 1
52 1185 55 1188 “
81 1183 174 1214 Vitem
190 1186 268 1224 palis.
291 1185 385 1217 Tibul.
406 1184 454 1214 lib.
471 1194 529 1221 1.7.

80 1222 174 1252 Vitem
196 1223 285 1253 ulmis.
325 1223 396 1260 Virg.
410 1233 431 1253 1.
456 1223 555 1260 Georg.
568 1231 592 1252 2.

79 1259 275 1304 Voluptatem,
295 1260 340 1290 vel
355 1261 521 1290 vacuitatem
540 1259 644 1289 doloris
666 1259 701 1289 ad
720 1259 859 1291 virtutem.
895 1262 951 1294 Cic.
973 1274 999 1296 2.
1026 1264 1061 1295 de
1082 1264 1141 1296 Fin.
1157 1275 1205 1302 42·

93 1298 158 1335 rQul
170 1299 205 1328 ad
217 1299 349 1327 virtutem
360 1298 517 1335 adiungunt
529 1298 573 1327 vel
583 1297 755 1336 voluptatem
764 1321 772 1334 ,
796 1309 878 1336 quam
896 1311 978 1332 unam
1002 1304 1086 1334 virtus
1097 1305 1207 1334 minimi

98 1335 182 1370 facit,
201 1336 246 1365 vel
264 1337 431 1365 vacuitatem
452 1335 564 1366 doloris.

78 1372 203 1404 Uxorem
212 1373 269 1403 sibi.
293 1374 352 1404 Cic.
372 1383 396 1411 3.
412 1374 447 1403 de
458 1374 517 1404 Fin.
536 1375 622 1410 Atque
635 1380 666 1402 ut
677 1383 692 1403 e
702 1379 799 1403 natura
806 1374 879 1405 vivat
888 1396 896 1411 ,
917 1387 1032 1408 uxorem
1045 1380 1206 1417 adjungere,

99 1412 127 1441 ὁὶ
141 1410 211 1441 velle
224 1421 260 1442 ex
275 1421 307 1441 ea
326 1411 429 1441 liberos
440 1421 593 1449 procreare.

80 1449 248 1487 Adiungitur
264 1450 299 1479 ad
318 1450 435 1479 Africam
449 1451 532 1479 etiam
551 1448 689 1486 Hispania.
727 1449 785 1479 Cic.
802 1460 843 1480 11.
870 1452 924 1482 Att.
939 1460 980 1483 12.

43 1485 169 1523 EDJUN
181 1497 291 1523 crus,
312 1488 408 1517 Partic.
443 1488 502 1517 Cic.
521 1497 547 1517 2.
560 1486 596 1517 de
608 1487 672 1517 Nat.
688 1487 771 1518 Deor.
793 1497 853 1525 135.
884 1490 982 1528 Aspera
996 1492 1094 1523 arteria
1107 1491 1208 1522 ostium

80 1525 165 1555 habet
174 1526 338 1562 adjunctum
350 1526 452 1563 linguae
468 1525 617 1555 radicibus.

79 1563 224 1600 Adjunstae
241 1574 312 1593 aves.
334 1564 351 1593 i.
373 1573 396 1593 e.
420 1564 570 1600 Adjugatae.
594 1563 678 1592 Ovid.
701 1562 750 1592 lib.
769 1573 792 1593 1.
814 1565 874 1594 Α111.
890 1575 912 1594 1.
926 1569 969 1596 26.

78 1600 238 1639 comparat.
260 1602 430 1636 Adiunt‘kior.
453 1602 511 1631 Cic.
525 1611 576 1640 pro
588 1600 698 1630 Cluent.
712 1611 755 1637 30.
779 1603 1209 1643 Acervatimjamreliqiia,Judi.

99 1649 162 1682 ces,
171 1640 272 1676 dicam,
291 1640 363 1670 utad
372 1648 405 1669 ea
416 1649 477 1678 quae
488 1640 601 1678 propria
613 1639 695 1675 hujus
710 1639 805 1676 causae,
829 1642 855 1670 ὁὶ
864 1641 1036 1678 adjunctiora
1044 1643 1107 1673 sunt
1117 1667 1124 1681 ‚
1147 1654 1210 1683 per·

98 1686 219 1707 veniam.

39 1713 110 1750 AD]
120 1724 281 1745 UNCTUM
295 1737 303 1751 ,
323 1714 453 1745 substant.
470 1723 498 1745 n.
518 1725 579 1753 geri.
599 1714 705 1745 Gellius
714 1715 768 1744 dici
781 1722 869 1753 putat,
879 1717 954 1754 quod
968 1717 1054 1748 Graeci
1066 1721 1208 1754 συνημμέναι

81 1752 183 1787 dirum
202 1753 308 1783 dicunt.
330 1753 363 1783 Id
372 1753 536 1789 adjunftum
545 1754 670 1783 verotale
685 1753 733 1787 est,
752 1753 780 1783 Si
792 1754 867 1784 Plato
876 1755 1006 1790 ambulat,
1027 1756 1102 1786 Plato
1115 1767 1209 1787 move-

80 1797 143 1820 tur:
165 1790 252 1821 sidies
263 1791 504 1829 est,Solestsuper
513 1798 606 1821 terras.
629 1791 659 1820 V.
671 1791 754 1820 Noci.
767 1792 846 1822 Attie.
860 1793 907 1822 lib.
922 1797 962 1823 16.
984 1803 1044 1832 cap.
1063 1801 1088 1829 8.
1116 1794 1208 1824 Diale-

78 1828 153 1858 (tica
162 1838 218 1858 vox
225 1829 271 1858 est.
295 1829 352 1859 Cic.
363 1829 465 1867 Topic.
481 1839 522 1866 53.
548 1828 872 1866 Consequentiumlocus
882 1831 914 1860 ab
925 1832 1061 1867 adjunctis
1074 1833 1156 1871 longe
1166 1834 1208 1862 di-

80 1865 172 1896 versus
180 1867 229 1896 est:
248 1867 322 1897 Nam
335 1868 466 1904 adjuncta
477 1869 535 1896 n‘on
546 1867 652 1905 semper
667 1868 810 1903 eveniunt,
834 1869 1030 1906 consequentia
1040 1871 1208 1900 autemsem-

79 1913 139 1943 per.
162 1904 240 1934 ldem
251 1914 276 1934 2.
288 1906 323 1934 de
336 1905 444 1937 Invent.
457 1915 503 1941 41.
525 1905 634 1934 Deinde
643 1905 796 1935 videndum
809 1907 855 1941 est,
869 1908 935 1943 quid
946 1907 1108 1943 adjriiic‘tum
1122 1909 1151 1937 iit
1160 1919 1208 1938 ne-

78 1942 157 1979 gotio
169 1953 176 1977 ;
198 1943 225 1972 h.
241 1953 265 1972 e.
288 1944 356 1981 quid
365 1943 463 1979 majus,
473 1943 541 1980 quid
551 1944 654 1977 minus,
666 1944 734 1980 quid
748 1953 825 1981 aeque
836 1954 968 1982 magnum
978 1945 1017 1981 sit,
1032 1946 1100 1983 quid
1110 1946 1205 1982 simile,

80 1989 116 2009 ex
127 1979 227 2017 quibus
246 1982 406 2018 conjecffura
414 1981 542 2019 quaedam
564 1981 684 2010 ducitur.
725 1981 757 2011 V.
786 1982 833 2011 Co
844 1992 863 2011 N
877 1993 944 2013 NEx
954 1994 1010 2012 uir.

41 2017 90 2048 An
98 2027 112 2053 J
120 2028 139 2047 U
148 2028 169 2047 N
177 2028 222 2048 CT
230 2030 239 2047 1
252 2029 269 2048 ο
279 2041 287 2055 ,
307 2020 378 2050 onis.
398 2015 547 2055 [τωΰὲαθεπς
556 2020 571 2055 ]
581 2019 640 2049 Cic.
650 2029 675 2049 2.
686 2018 721 2049 de
730 2019 790 2049 Fin.
807 2019 840 2050 In
849 2020 949 2058 quibus
958 2020 1035 2051 nulla
1046 2021 1084 2050 est
1097 2022 1206 2052 virtutis

46 2087 48 2090 ,
76 2056 230 2091 adjunctio.
254 2058 271 2087 i.
291 2067 314 2088 e.
338 2057 469 2088 Aceeffio.

77 2094 228 2130 adjunctio
248 2096 341 2125 animi.
364 2095 423 2125 Cic.
435 2095 470 2125 de
479 2095 557 2126 Petit.
580 2094 662 2126 Coris.
677 2105 719 2133 17.
735 2096 837 2126 Tribus
853 2096 935 2126 rebus
945 2096 1073 2126 homines
1084 2098 1206 2126 maxime

96 2132 376 2199 adlbenevolentiam
393 2133 549 2171 ducuntur,
570 2134 727 2170 beneficio,
759 2135 806 2174 spe
820 2157 828 2171 ,
851 2135 1031 2171 adjunetione
1051 2135 1137 2164 animi
1161 2135 1206 2165 vel

99 2180 135 2199 vo
149 2177 252 2201 untate.

78 2207 229 2252 Adjunstio
247 2215 352 2241 naturae
369 2209 406 2239 ad
423 2209 577 2240 hominem.
610 2209 668 2240 Cic.
685 2219 710 2248 7.
732 2210 785 2240 Att.
799 2220 825 2240 2.
852 2211 963 2241 Etenim
979 2212 997 2241 si
1009 2211 1069 2240 haec
1088 2220 1146 2240 non
1156 2212 1204 2247 est,

98 2246 176 2275 nulla
185 2249 276 2285 potest
285 2247 393 2278 homini
400 2247 454 2278 effe
462 2248 498 2278 ad
507 2249 651 2278 hominem
660 2256 765 2278 naturae
772 2249 914 2285 adjunctio
925 2259 931 2279 z
954 2259 1008 2287 qua
1016 2247 1130 2286 sublata,
1142 2251 1204 2279 vitae

97 2281 212 2314 societas
224 2285 345 2318 tollitur.
380 2286 423 2316 De
431 2293 578 2324 parentum
589 2296 682 2316 amore
695 2287 724 2316 in
735 2286 796 2316 suos
808 2287 938 2324 loquitur.

80 2321 242 2359 adjunctio,
261 2324 279 2353 i.
294 2333 317 2353 e.
344 2324 477 2360 Additio,
496 2324 631 2354 conditio.
655 2324 712 2354 Cic.
725 2335 750 2354 2.
773 2325 808 2354 de
817 2325 924 2354 Invent.
940 2334 999 2363 171.
1023 2325 1110 2368 Atque
1121 2326 1205 2355 etiam

98 2360 154 2390 hoc
172 2361 241 2390 mihi
251 2361 347 2391 videor
354 2362 450 2392 videre
463 2384 471 2397 ‚
490 2362 544 2391 esse
554 2363 686 2400 quasdam
698 2373 762 2392 cum
782 2363 961 2399 adjunctione
978 2363 1204 2399 necessitudines,

95 2399 232 2465 guasdam
239 2398 376 2438 simplices
391 2402 417 2430 &
429 2399 574 2430 absolutas.
599 2401 671 2432 Nam
681 2400 760 2431 aliter
773 2401 864 2430 dicere
876 2401 995 2430 solemus
1013 2423 1021 2437 ,
1040 2401 1155 2430 Necesse
1166 2402 1206 2431 est

123 2435 277 2467 asilinenses
294 2437 319 2467 se
332 2437 436 2467 dedere
452 2438 598 2474 Annibali,
622 2438 671 2468 nisi
690 2439 791 2468 malint
800 2439 871 2468 fame
881 2440 969 2477 perire
984 2448 991 2468 ε
1013 2439 1090 2468 aliter
1100 2449 1203 2476 autern,

97 2473 215 2504 Necesse
234 2475 273 2504 est
282 2475 431 2505 Casilinum
447 2477 541 2506 venire
551 2477 580 2505 in
589 2477 730 2507 Annibalis
738 2477 911 2515 potestatem.
944 2477 1006 2507 Illic
1018 2477 1048 2506 in
1064 2476 1205 2515 superiore

51 2522 55 2526 ¹
96 2513 240 2548 adjundtio
248 2513 287 2542 est
295 2514 363 2550 haec,
376 2513 431 2544 Nisi
442 2514 542 2543 malint
553 2515 625 2543 fame
636 2516 742 2553 perire:
766 2515 783 2544 si
796 2515 907 2544 enimid
917 2515 1024 2550 malint,
1039 2525 1096 2544 non
1110 2515 1149 2544 est
1157 2526 1205 2545 ne-

96 2550 177 2579 cesse.
216 2550 278 2580 Hoc
287 2552 401 2581 inferius
415 2562 474 2581 non
485 2553 563 2587 item,
582 2553 812 2591 proptereaquod
825 2554 876 2582 sive
890 2552 977 2582 velint
991 2553 1170 2583 Casilinenses
1177 2554 1204 2583 se

97 2587 210 2624 dedere,
221 2588 274 2618 five
284 2589 388 2619 famem
399 2591 507 2628 perpeti
516 2597 598 2628 atque
610 2591 649 2620 ita
660 2592 749 2629 perire
758 2614 765 2625 ,
787 2590 894 2620 necesse
903 2591 941 2620 est
951 2591 1100 2620 Casilinum
1110 2592 1204 2621 venire

96 2625 128 2654 in
140 2626 281 2657 Annibalis
292 2628 465 2665 potestatem.
503 2628 591 2666 Vulgo
601 2636 703 2658 vocant
711 2629 906 2659 Necessitatem
916 2629 1145 2658 conditionalem.

78 2663 229 2699 adjunctio
242 2675 294 2703 pro
318 2665 448 2702 Quadam
466 2666 552 2704 figura
567 2666 612 2695 seu
631 2668 814 2697 exornatione
833 2666 950 2696 oratoria
961 2689 969 2702 ,
990 2677 1076 2704 quum
1088 2667 1204 2697 verbum

36 2700 39 2705 '
98 2711 155 2737 quo
167 2711 209 2731 res
230 2704 495 2741 comprehenditur,
517 2714 575 2734 non
592 2705 814 2743 interponimus,
836 2704 883 2734 sed
905 2711 952 2734 aut
965 2705 1086 2743 primum
1100 2711 1147 2734 aut
1155 2715 1205 2744 po-

98 2739 228 2770 stremum
240 2740 419 2771 collocamus.
444 2741 486 2771 Ad
499 2742 602 2773 Heren.
616 2742 663 2772 lib.
676 2754 702 2779 4.
718 2749 761 2779 38.
785 2742 842 2772 Cic.
859 2753 881 2779 3.
901 2743 935 2772 de
946 2743 1022 2772 Orat.
1039 2753 1101 2779 204.
1130 2743 1164 2772 Et
1174 2744 1204 2772 in

99 2776 199 2807 eadem
212 2778 294 2808 verba
312 2779 434 2818 impetus
449 2781 475 2810 ἃ
485 2780 629 2810 concursio
642 2803 649 2814 .
669 2782 696 2811 Gr
707 2781 850 2817 adjuncffio
861 2803 869 2816 ,
893 2782 919 2811 ὅ(
933 2780 1091 2819 progressio.
1123 2781 1205 2811 Hanc

101 2823 179 2851 vero,
197 2815 390 2852 AdJ'edtionem
399 2824 481 2847 vocat
489 2818 608 2855 Quintil.
630 2816 679 2848 lib.
694 2829 719 2854 9.
734 2829 794 2857 cap.
810 2828 833 2854 3.

42 2852 290 2890 ADJUNCTOR,
312 2855 374 2885 oris.
391 2865 428 2885 m.
451 2856 632 2892 [ωιθέτης]
661 2857 718 2894 Qui
733 2857 838 2894 aliquid
855 2857 989 2893 adjungit.
1024 2856 1081 2886 Cic.
1099 2863 1125 2892 8.
1146 2858 1200 2887 Att.

83 2899 107 2928 3.
130 2889 180 2920 Ille
198 2891 293 2921 Galliae
306 2892 445 2923 ulterioris
458 2894 612 2931 adjunctor.
636 2894 663 2924 h.
676 2905 700 2924 e.
732 2895 789 2932 Qui
799 2894 965 2924 Ulteriorem
980 2893 1097 2924 Galliam
1108 2895 1205 2932 adjun-

80 2928 123 2957 xit
142 2928 270 2958 Romano
288 2931 415 2969 imperio.

28 3000 32 3010 .
45 2963 112 3000 an]
122 2975 269 2997 URGIUM
279 2990 288 3003 ,
308 2968 336 2998 ii.
359 2979 386 2998 n.
410 2971 425 3006 [
436 2965 563 3005 narheim]
589 2969 668 3000 Idem
678 2969 811 3008 fignificat
830 2969 906 3007 quod
915 2969 1051 3007 Jurgium‚
1062 2967 1110 2999 nisi
1124 2969 1205 3001 locus

80 3003 120 3033 est
138 3005 295 3035 mendosus.
315 3005 404 3036 Plaut.
427 3007 505 3037 Men.
521 3018 544 3044 ς.
557 3017 582 3037 2.
603 3017 649 3038 21.

208 3060 245 3064 -
262 3053 334 3080 nec,
354 3044 422 3083 pol,
443 3045 500 3074 filia
518 3055 643 3083 unquam
667 3045 775 3076 arcessit
792 3051 901 3084 patrem

11 3082 13 3087 ’
51 3083 64 3098 r
123 3079 165 3109 Ad
174 3079 210 3116 se,
225 3080 275 3110 nisi
288 3081 355 3119 q'uid
365 3083 501 3113 commiffi
513 3083 592 3119 adjur
612 3084 630 3112 ii
639 3084 677 3113 est
687 3083 774 3113 causa.
889 3082 1022 3120 [Legitur
1046 3083 1099 3112 Aut
1113 3083 1204 3120 jurgii.

41 3115 232 3153 Amorion,
255 3117 448 3156 [ἐπιλοιδοξέω]
470 3124 525 3151 are.
563 3121 600 3150 Va
612 3122 647 3151 de
670 3122 823 3159 objurgare.
845 3120 931 3150 Plaut.
955 3120 1055 3158 Amph.
1076 3131 1100 3150 2.
1121 3131 1146 3150 2.
1158 3130 1203 3157 43.

80 3155 116 3185 At
124 3155 174 3194 pol
185 3157 254 3194 quin
269 3164 343 3187 certa
362 3167 405 3188 res
421 3159 460 3188 est
481 3159 624 3196 adjurgare
644 3160 699 3196 (al.
716 3160 880 3196 objurgare)
899 3159 971 3188 hanc
990 3168 1049 3195 quae
1066 3168 1112 3188 me
1120 3159 1206 3188 hodie

80 3193 276 3224 advenientem
287 3195 404 3225 domum
412 3196 535 3226 noluerit
544 3196 666 3227 salutare.
702 3197 830 3227 Budaeus.

44 3229 203 3269 Amano,
240 3234 364 3269 [ἐπηκόω
376 3256 384 3268 ,
408 3234 543 3270 ἐξορκίζει]
572 3238 626 3264 are.
647 3234 727 3265 Idem
746 3235 821 3273 quod
831 3234 940 3270 Jurare:
963 3243 1010 3264 aut
1025 3240 1098 3262 certe
1111 3233 1206 3269 Jurare

75 3269 438 3308 vehementiumgravius.
460 3271 525 3302 Ter.
537 3272 607 3302 And.
620 3284 646 3309 4.
660 3283 686 3303 2.
707 3284 748 3303 11.
772 3273 821 3302 Per
832 3284 929 3303 ornnes
949 3273 998 3302 tibi
1016 3272 1112 3307 adjuro
1128 3272 1206 3307 deos,

59 3307 63 3311 “
81 3316 225 3350 nunquam
243 3319 304 3338 earn
320 3319 364 3338 me
382 3309 561 3340 deserturum.
589 3310 648 3341 Cic.
666 3320 692 3342 2.
717 3310 837 3349 Philipp.
861 3322 886 3348 9.
924 3312 1111 3347 Adjurasque,
1132 3310 1161 3339 id
1178 3317 1208 3339 te

83 3345 171 3374 invito
181 3356 226 3375 me
238 3356 296 3376 non
311 3346 364 3377 effe
378 3347 524 3377 fac'turum.

82 3382 230 3420 Adjurare,
250 3394 300 3422 pro
315 3385 514 3422 Jusjurandum
522 3386 632 3424 exigere
644 3408 652 3421 ,
671 3385 717 3415 vel
727 3386 842 3424 Adigere
860 3386 895 3415 ad
904 3385 1106 3422 jusjurandum,
1123 3385 1208 3422 vulgo

101 3420 254 3460 usurpatur.
294 3422 326 3452 ln
345 3433 429 3461 quein
447 3423 555 3453 sensum
565 3424 674 3453 videtur
684 3424 789 3453 dixisse.
812 3424 869 3453 Liv.
883 3434 926 3460 43.
946 3427 985 3453 16.
1003 3434 1026 3459 ς.
1065 3422 1207 3459 Censores,

102 3465 134 3488 ut
147 3469 208 3489 eam
219 3470 278 3490 rem
289 3460 466 3498 adjuvarent,
490 3462 529 3491 ita
544 3462 573 3490 in
590 3462 728 3491 concione
742 3462 904 3491 edixerunt:
928 3461 1018 3499 legem
1034 3460 1127 3490 censui
1145 3471 1210 3490 cen-

101 3496 187 3526 sendo
203 3498 325 3528 dicturos
338 3499 391 3529 ess'e
401 3522 408 3535 ,
424 3506 456 3529 ut
473 3506 572 3537 praeter
592 3509 742 3529 commune
756 3501 884 3529 omnium
898 3499 1001 3528 civium
1019 3499 1209 3535 iusjurandum

101 3534 161 3564 haec
175 3535 332 3572 adjurarent
342 3560 349 3573 ,
380 3539 432 3567 oze.
481 3539 496 3574 [
510 3538 599 3567 Potest
613 3546 708 3567 tamen
724 3538 759 3567 de
773 3537 927 3574 jurantibus
947 3535 1064 3573 intelligi
1076 3558 1084 3570 ,
1104 3543 1135 3565 ut
1151 3536 1210 3566 haec

50 3597 54 3600 .
102 3572 213 3610 insuper
231 3573 337 3604 scilicet
353 3574 514 3612 rogantibus
535 3575 722 3610 sacramento,
745 3576 780 3604 de
795 3582 873 3604 more
885 3597 892 3609 ,
915 3573 1081 3603 Censoribus
1093 3596 1100 3609 ,
1122 3575 1209 3611 rogati

11 3583 24 3648 l
101 3610 309 3648 responderent.
347 3614 412 3642 Non
421 3619 526 3642 temere
536 3612 619 3651 igitur
630 3613 668 3643 est
677 3635 685 3648 ,
699 3614 774 3651 quod
786 3620 868 3650 negat
882 3613 913 3641 P..
931 3612 1088 3650 Stephanus
1098 3613 1126 3641 iri
1140 3613 1207 3642 edit.

102 3647 183 3678 Thes.
191 3649 299 3685 1536.se
306 3650 388 3686 hujus
397 3650 547 3680 locutionis
557 3651 718 3689 exemplum
727 3652 801 3689 apud
811 3652 927 3680 idoneos
936 3652 1061 3679 auctores
1071 3650 1208 3688 reperisse.

83 3685 214 3720 Adiurare
223 3689 325 3718 omnia.
350 3688 407 3718 Cic.
423 3698 446 3724 3.
461 3689 496 3725 Q
509 3689 569 3718 frat.
585 3700 609 3724 ς.
648 3688 776 3718 Crebrius
789 3696 819 3718 ut
829 3697 893 3717 ante
901 3687 936 3717 ad
943 3693 971 3716 te
979 3687 1069 3725 scripsi
1085 3710 1093 3723 ‚
1111 3687 1209 3718 Romae

101 3724 158 3791 filici:
183 3725 210 3754 δι
222 3724 269 3762 qui
282 3728 376 3756 onmia
390 3727 535 3763 adjurant,
558 3723 660 3756 debere
668 3727 718 3756 tibi
728 3727 808 3757 valde
823 3725 991 3756 renuntiant.
1019 3725 1071 3756 Alii
1091 3726 1208 3764 legunt,

147 3769 221 3791 nuat.

81 3799 214 3836 adjurare
223 3800 315 3830 alicui.
345 3800 429 3831 Ovid.
447 3811 492 3832 20.
516 3801 599 3840 Epist.
617 3813 678 3839 149.

165 3836 290 3867 Promisit
307 3845 385 3876 pater
406 3839 496 3875 hanc,
521 3840 580 3869 haec
597 3841 732 3874 adjuravit
751 3837 871 3869 amanti:

220 3875 271 3905 llle
290 3876 435 3910 homines.
455 3878 514 3907 haec
532 3878 569 3907 est
585 3878 729 3907 testificata
750 3878 840 3907 deam.

0 3919 1 3924 ¹
47 3910 214 3948 AnJu‘ro,
250 3913 281 3942 V.
304 3914 458 3947 Aoi-evo.

0 3951 7 3988 js,
44 3949 210 3988 nnn-svo,
231 3951 298 3988 sivi,
320 3954 415 3989 situm,
438 3949 564 3989 [ἕο-θέω,
582 3953 743 3989 συμπῖοὲι-Ἱω,
764 3953 854 3990 ἀείρω,
880 3948 1078 3990 συνεργέζοριφι,
1103 3952 1209 3990 ἀμύνω]

1770 145 2050 195 ADJ
2373 161 2394 192 6

1301 221 1353 249 are.
1378 220 1469 264 Opem
1480 222 1562 258 sei-re,
1573 223 1706 259 auxiliari,
1720 224 1867 256 sublevare.
1901 228 1964 258 Ter.
1982 230 2087 259 Phorm.
2102 241 2148 267 3.3
2175 242 2200 268 4.
2235 231 2290 270 Qui
2310 243 2355 264 me
2371 235 2420 264 du-

1301 258 1378 299 dum,
1391 269 1419 287 ur
1429 260 1508 295 dixti,
1524 263 1805 295 adiuveriteomirer⁷!
1840 266 1896 294 Cic.
1912 276 1935 302 7.
1958 270 2010 296 Ait.
2028 278 2048 296 i.
2076 271 2153 301 Adie-
2176 279 2225 299 ite.

1300 295 1434 336 ild-iuvare
1446 319 1453 329 ,
1475 308 1523 333 pro
1536 300 1642 329 Ρμγςγς,
1666 300 1728 329 Ter,
1751 302 1857 330 i‘liivrni.
1876 314 1895 331 1.
1911 315 1934 337 4.
1951 312 1993 336 28.
2028 306 2118 334 liure.
2137 311 2152 332 ⁴-
2168 316 2246 336 rtuua
2262 308 2379 343 adjuvat.

1300 332 1434 375 Adiuvarc
1456 336 1489 363 ad
1505 336 1616 373 ⁴iliquid.
1643 338 1699 366 Cic.
1717 349 1765 375 pro
1780 340 1897 375 Quintio
1912 351 1955 377 ῖς.
1995 342 2029 370 Ut
2051 353 2104 371 ‹mn
2119 356 2146 373 es
2164 344 2336 381 intelligant.
2362 357 2419 376 non

1320 370 1354 397 ad
1374 370 1557 412 obtinendum
1575 375 1768 408 mendacium.
1805 377 1847 405 leil
1880 381 1913 407 ad
1932 389 2024 407 11111111
2045 382 2217 416 111(.1“..11(ἶ11111
2233 404 2240 415 ,
2275 384 2423 414 audini-ita-

1321 412 1376 448 tem
1403 408 1538 443 adjuvare.
1595 413 1671 441 ldcm
1695 423 1744 450 pro
1766 415 1880 448 Archia,
1915 416 1970 452 Qui
1994 419 2115 453 proiecto
2138 419 2154 447 li
2181 419 2248 448 nihil
2274 422 2306 449 ad
2334 424 2421 459 perei-

1322 445 1450 479 piend..m
1463 468 1470 476 .
1492 447 1692 488 ¹colendammizt‘:
1713 452 1842 481 virtutem
1859 452 1942 482 literis
1962 456 2154 490 adjuvarentur
2167 478 2174 492 ,
2197 467 2337 494 nunquam
2350 459 2374 488 se
2385 460 2423 490 ad

1321 489 1413 521 earum
1429 482 1547 524 studium
1564 487 1748 517 eovmliiscnt.

1302 516 1438 555 Adimam
1452 529 1476 546 m
1489 520 1588 565 aliquo.
1610 524 1672 566 Ter.
1688 527 1763 566 And.
1782 536 1804 563 3.
1822 535 1846 563 3.
1863 537 1903 556 10.
1929 528 1965 557 Ut
1977 538 2021 558 me
2031 530 2144 565 adjuves
2161 531 2186 559 in
2203 532 2253 560 hac
2264 542 2299 561 re.
2323 532 2379 562 Cic.
2392 543 2419 564 2.

1321 553 1394 582 Pani.
1411 566 1433 589 5.
1458 557 1519 585 Non
1541 569 1614 587 emm
1628 561 1692 589 milii
1705 571 1757 591 tam
1774 574 1833 593 mea
1843 563 1912 594 salus
1927 567 2006 595 chara
2021 567 2072 596 suit
2086 590 2093 602 ,
2114 568 2200 605 inqu:
2217 570 2424 607 praeiret-sum

1322 591 1432 634 ¹adjutus
1448 593 1479 636 ab
1502 595 1689 638 illm-quam,
1719 603 1769 629 exe.
1817 601 1895 632 ldem
1920 612 1942 640 3.
1966 604 2022 633 (ml
2044 615 2084 640 55.
2127 605 2156 634 lii
2174 605 2288 636 siliarum
2304 608 2426 638 colluci-

1322 635 1399 657 tione
1416 639 1518 660 amicos
1538 633 1675 669 adiuvant.

1303 665 1455 711 AdlUViU'q?
1474 678 1537 711 Cum
1554 671 1721 713 dictionibus
1734 674 1809 709 Quid
1822 698 1828 709 ,
1849 677 1942 713 Nihil,
1967 681 1992 708 ok
2012 680 2142 709 Multum.
2163 680 2245 710 l'liiut.
2268 681 2372 711 l’oenul.
2393 695 2420 719 4.

1323 712 1349 747 ².:
1361 707 1404 746 ⁶⁰:
1427 706 1522 741 b1qu¹d
1540 712 1568 748 tu
1581 708 1700 753 adjuvas.
1722 721 1771 747 pro
1784 734 1791 745 ,
1821 713 1845 741 Si
1862 715 1887 742 iii
1910 726 1936 744 re
1951 717 2039 753 aliqua
2055 728 2060 746 ἰ
2083 725 2129 747 aiut
2144 717 2198 746 sinc
2229 720 2420 756 inquisitione,

1322 740 1350 769 5¹
1362 741 1453 783 2¹1¹}1U‘d
1465 744 1621 787 sC'deuvass·
1659 747 1715 774 (alc-
1727 757 1754 790 ¹3.
1779 749 1851 779 Vcrr.
1882 752 2018 786 Jainiiiihil
2035 756 2207 790 iejudiciuin
2238 758 2424 793 'croiiiszidju-

1322 785 1377 806 vat.
1401 788 1417 806 i.
1444 788 1466 808 c.
1501 780 1591 825 Nulla.
1605 792 1633 810 in
1650 792 1686 811 re.
1709 784 1771 826 Jer.
1798 787 1863 816 liei..
1880 797 1903 823 3.
1918 800 1938 822 ς.
1959 801 1998 820 10.
2041 794 2095 827 Qui
2115 794 2148 822 iic
2163 793 2242 827 sunt,
2263 794 2333 823 lizmd
2353 796 2426 824 mul-

1323 821 1384 844 tum
1397 816 1533 847 hst'st'dssm
1548 820 1687 855 udluvdf'st-
1710 831 1726 849 ¹·
1746 832 1769 850 e.
1809 824 1902 853 l'arum
1914 828 2059 858 consulunt.
2073 832 2191 867 haeredi,
2217 831 2314 860 utvult
2332 833 2425 862 Dona-

1323 859 1376 882 tus.
1418 854 1448 883 ln
1468 856 1550 885 codd.
1578 857 1687 886 emend.
1710 858 1810 893 juvant
1830 861 1934 897 legitur.

1303 890 1438 926 Adjuvare
1454 893 1566 923 auxilio.
1600 894 1661 937 Liv..
1678 894 1725 924 lib.
1747 907 1771 930 9.
1795 897 1860 927 Bell.
1877 900 1942 929 l’un.
1977 902 2020 931 Sic
2038 905 2168 939 Adjuvarc
2180 907 2311 941 ammio,
2333 908 2410 937 fimus

1323 938 1417 964 manu,
1429 931 1688 969 ‹›peru.prii(lenti·.i,
1713 934 1832 964 iecunia.
1864 936 1903 965 Ex
1923 938 1986 968 Ter.
2009 939 2105 970 lle-aut.
2129 953 2151 978 5.
2173 953 2197 972 2.
2221 953 2264 980 29.
2295 947 2321 976 ἃ
2344 930 2423 975 111111ἱῖ

1324 965 1409 995 Plaut.
1434 968 1520 997 Calin.
1530 974 1555 999 6.
1578 970 1635 998 Cic.
1654 979 1679 999 2.
1702 944 1758 1000 blf.

1303 1003 1390 1033 Artes.
1415 1005 1497 1035 Ovid.
1516 1016 1555 1043 13.
1578 1005 1648 1036 Met.
1666 1011 1728 1040 866.

1303 1040 1533 1086 Concodlio'nem.
1574 1044 1641 1087 Plin.
1659 1045 1705 1075 lib.
1725 1055 1768 1082 23.
1793 1055 1852 1083 cap.
1868 1056 1900 1090 .¹·
1935 1048 2152 1082 Concociionem
2172 1056 2261 1085 minus
2280 1057 2426 1090 adiuvant..

1322 1079 1350 1108 h.
1373 1089 1396 1108 e.
1422 1081 1518 1123 illinus
1530 1084 1677 1111 conserunt
1698 1083 1732 1112 ad
1746 1086 1968 1115 concofflionem.
2009 1088 2049 1117 list
2064 1099 2152 1118 autem
2169 1093 2320 1124 Concoclio
2340 1105 2428 1131 quam.

1321 1116 1624 1156 barbariDigestionem
1640 1128 1760 1157 vocant,
1785 1132 1871 1158 quum
1890 1123 2003 1161 digestio
2019 1126 2048 1154 iit
2070 1127 2222 1157 distributio
2241 1131 2361 1161 alimenti
2375 1142 2427 1170 per·

1322 1164 1370 1183 cor
1393 1165 1432 1184 us.

1302 1164 1473 1222 &nsciisuni
1491 1195 1619 1224 omnium
1634 1197 1767 1232 gentium.
1805 1195 1863 1226 Cic.
1891 1207 1931 1226 10.
1957 1198 2030 1228 Fam.
2049 1210 2088 1230 io.
2121 1202 2315 1241 Siihveiii1iz=iri
2328 1217 2349 1235 e.
2364 1208 2429 1244 ‹upi-

1322 1229 1410 1273 tulare
1426 1231 1540 1274 collegae
1556 1255 1562 1268 ‚
1583 1235 1709 1263 omnium
1722 1234 1848 1271 gentium
1864 1235 2027 1267 consensum
2041 1240 2065 1267 ἃ
2084 1239 2273 1271 incredibilem
2288 1244 2428 1281 conspira..

1322 1274 1430 1297 tionem
1454 1269 1562 1303 adiuva.

1304 1305 1466 1336 Consilium.
1488 1309 1550 1337 Sen.
1580 1308 1683 1338 Medea
1700 1319 1725 1346 7.

1302 1343 1460 1387 Delectum.
1484 1345 1540 1374 Cic.
1563 1355 1589 1383 7.
1613 1348 1665 1376 Att.
1683 1357 1725 1384 14.
1748 1347 1796 1377 Me
1805 1347 1953 1386 Pompeius
1966 1348 2089 1387 Capuam
2100 1351 2193 1381 venire
2216 1352 2317 1389 voluit,
2339 1358 2363 1385 ἃ
2379 1357 2423 1386 ad-

1324 1392 1416 1417 juvare
1438 1383 1585 1413 delectum.

1303 1419 1430 1449 Errorem
1443 1420 1562 1450 alterius.
1587 1422 1644 1451 Cic.
1664 1431 1706 1452 12.
1730 1422 1783 1452 Att.
1799 1434 1844 1460 42·
1882 1423 1937 1453 Sed
1948 1424 2078 1456 ferendus
2088 1426 2137 1456 tibi
2157 1428 2185 1457 in
2196 1428 2335 1460 hocmeus
2344 1440 2432 1462 error..

1321 1458 1452 1487 ferendus
1463 1460 1476 1487 ἱ)
1496 1460 1583 1488 immo
1595 1469 1659 1489 vero
1681 1461 1763 1489 etiam
1778 1462 1959 1497 adjuvandus.

1302 1495 1457 1525 Facultates
1471 1496 1604 1533 alicujus,
1633 1507 1683 1536 pro
1702 1500 1814 1535 Augere.
1843 1499 1911 1528 l’lin.
1935 1500 2017 1537 Epist.
2044 1510 2103 1537 139.

1304 1533 1430 1563 Formam
1444 1544 1516 1564 cura.
1539 1535 1624 1565 Ovid.
1649 1546 1674 1564 2.
1697 1536 1766 1565 Met.
1779 1546 1841 1572 752.

1304 1571 1393 1609 Ignes.
1429 1572 1455 1601 h.
1487 1583 1512 1602 e.
1552 1575 1690 1602 Amorem.
1715 1574 1798 1603 Ovid.
1825 1585 1865 1604 10.
1889 1574 1958 1604 Met.
1983 1579 2047 1612 640.

1473 1627 1510 1631 —
1531 1610 1722 1647 Cytherezique
1740 1621 1902 1650 comprecor
1913 1635 1921 1648 ,
1938 1613 2006 1642 :rufis

1383 1647 1457 1676 Adsit
1478 1648 1516 1677 ait
1535 1649 1646 1683 nostris,
1664 1650 1689 1678 ἃ
1703 1659 1772 1686 quos
1796 1651 1874 1679 dedit
1890 1651 2003 1686 adjuvet
2021 1652 2106 1689 ignes.

1301 1683 1439 1714 Insaniam
1457 1685 1568 1715 alterius
1583 1708 1590 1721 ,
1615 1696 1664 1724 pro
1685 1688 1722 1716 Au
1734 1697 1796 1716 'ere
1820 1687 1904 1717 Plaut.
1922 1689 2021 1726 Amph.
2040 1700 2065 1719 2.
2088 1697 2114 1719 2.
2141 1693 2202 1720 166.

1302 1723 1423 1758 adjuvat
1440 1733 1546 1752 manus.
1569 1724 1653 1753 ovid.
1674 1735 1700 1760 4.
1726 1697 1795 1754 lsast.
1821 1735 1882 1761 302.

1301 1760 1457 1791 Moeroreni
1475 1762 1607 1791 orationis
1620 1761 1755 1799 lacrymis.
1794 1762 1852 1792 Cic.
1866 1773 1890 1793 2.
1909 1763 1944 1792 de
1966 1763 2043 1794 Orat.
2063 1773 2124 1800 105.
2154 1765 2250 1802 Quum
2270 1765 2300 1796 C.
2321 1766 2432 1799 Marium

1321 1808 1471 1841 inoerorem
1484 1800 1615 1844 orationis
1633 1808 1702 1829 meae
1727 1800 1844 1838 praeseiis
1861 1811 1892 1830 ac
1906 1801 2003 1832 sedens
2018 1802 2139 1832 multum
2156 1803 2284 1841 lacrymis
2304 1804 2357 1836 suis
2377 1807 2424 1836 ad.

1334 1843 1434 1866 uvaret.

1302 1847 1463 1911 bieqiiitiam
1482 1875 1635 1913 praeceptis.
1660 1875 1780 1912 Quintil.
1799 1875 1846 1905 lib.
1861 1885 1886 1905 2.
1905 1885 1965 1915 cap.
1983 1886 2024 1913 15.

1302 1912 1438 1947 Adjuvare
1453 1915 1597 1942 temeraria
1619 1914 1669 1942 via.
1694 1913 1763 1942 Cels.
1779 1913 1827 1943 lib.
1846 1924 1871 1943 2.
1893 1924 1952 1952 cap.
1978 1924 2019 1943 1ο.
2049 1915 2103 1945 Sed
2124 1915 2142 1945 sl
2158 1915 2267 1946 nullum
2278 1923 2424 1956 tamenap·

1321 1959 1400 1988 paret
1415 1951 1655 1986 aliudauxilium,
1678 1951 1869 1989 periturusque
1890 1951 1921 1981 sit
1937 1952 1983 1989 qui
1992 1951 2115 1987 laborat,
2136 1954 2184 1984 nisi
2206 1957 2348 1987 temeraria
2359 1967 2428 1993 quo-

1321 1998 1375 2025 que
1388 1989 1431 2018 via
1454 1989 1536 2018 fuerit
1555 1990 1674 2025 adjutus.

1301 2025 1498 2062 Voluntatem.
1522 2028 1644 2064 Augere,
1665 2032 1714 2056 aut
1723 2026 1879 2057 Sublevare.
1904 2026 1962 2058 Cic.
1981 2028 2016 2057 de
2034 2028 2145 2059 Amicit.

1302 2063 1434 2094 Comiter.
1462 2065 1493 2094 ln
1513 2064 1637 2094 Conis.

1302 2101 1415 2139 Lepide.
1447 2102 1479 2131 ln
1497 2102 1668 2132 Larino&

1302 2139 1447 2169 Munitice.
1484 2139 1515 2169 ln
1537 2140 1679 2169 Munus.
2148 2176 2151 2178 ,

1302 2177 1412 2213 Adjuro
1429 2188 1493 2206 cum
1511 2178 1656 2207 infinitivo.
1680 2176 1747 2206 Plin.
1770 2185 1812 2207 11.
1827 2181 1889 2216 cap.
1904 2185 1950 2214 24.
1970 2175 2006 2207 ad
2015 2174 2062 2207 fin.
2093 2176 2257 2217 Phalangius
2270 2185 2377 2210 tantum
2390 2181 2421 2211 in

1320 2215 1380 2244 iiso
1390 2215 1471 2253 specu
1485 2216 1598 2245 incubat
1607 2225 1707 2253 magno
1716 2225 1850 2245 numero:
1873 2217 1961 2253 quiut
1970 2215 2126 2252 emerserit,
2150 2225 2265 2247 matrem
2274 2218 2419 2255 consumit,

1320 2226 1391 2290 [laepe
1403 2256 1429 2283 ἃ
1446 2260 1568 2291 patrem:
1590 2254 1702 2290 adjuvat
1714 2254 1789 2281 enim
1802 2253 1942 2284 incubare.

1300 2290 1435 2327 Adjutum
1459 2291 1496 2320 est
1510 2301 1525 2320 a
1541 2301 1602 2326 me,
1633 2290 1742 2328 imperf.
1768 2289 1873 2320 Sallust.
1891 2291 1926 2321 de
1941 2290 2122 2330 Rep.Ordin.
2135 2292 2170 2322 ad
2180 2292 2327 2327 Caesarem.
2348 2293 2419 2322 Nam

1320 2329 1375 2358 five
1394 2329 1445 2357 hac
1458 2348 1464 2364 ,
1486 2328 1532 2358 seu
1543 2327 1657 2358 meliore
1674 2328 1726 2358 alia
1740 2329 1783 2358 via
1793 2338 1890 2367 perges
1903 2352 1911 2365 ,
1934 2339 1949 2359 a
1962 2339 2007 2359 me
2021 2331 2134 2367 quidem
2144 2340 2194 2368 pro
2204 2331 2274 2360 virili
2283 2339 2360 2369 parte
2379 2330 2421 2359 di-

1320 2369 1397 2397 ‹ftum
1416 2369 1442 2397 ὅ(
1464 2368 1591 2403 adjutum
1608 2367 1699 2396 suerit.

1263 2408 1455 2441 AnJsi’rus,
1478 2405 1574 2435 Partic.
1598 2401 1822 2441 [summissas]
1843 2404 1926 2435 Ovid.
1950 2414 1971 2434 1-.
1993 2404 2074 2443 Epist.
2088 2413 2133 2443 43.

1412 2459 1450 2464 -—
1468 2444 1579 2477 adiutus
1596 2442 1629 2472 ab
1651 2452 1717 2472 un0.

1300 2483 1384 2512 Amor
1401 2481 1513 2517 adjutus
1529 2481 1600 2510 fatis.
1634 2480 1717 2509 Ovid.
1740 2486 1766 2516 3.
1784 2478 1865 2518 Epist.
1883 2479 1975 2510 Sabin.
1992 2488 2038 2510 21.

1300 2521 1409 2556 Adjutae
1421 2520 1490 2548 vires
1507 2518 1588 2548 hasta.
1611 2517 1658 2548 Sil.
1673 2517 1731 2547 ltal.
1750 2517 1797 2547 lib.
1814 2522 1839 2547 6.

1300 2559 1401 2593 Adjuta
1421 2557 1458 2586 est
1471 2557 1578 2586 novitas
1597 2556 1712 2585 numine
1728 2556 1817 2585 nostra
1839 2555 1893 2584 dei.
1930 2555 2013 2585 Ovid.
2034 2565 2056 2584 1.
2077 2555 2112 2585 de
2123 2555 2212 2586 Ponto
2224 2564 2266 2593 13.
2281 2564 2327 2593 24.

1301 2596 1385 2626 Nervi
1395 2594 1487 2632 aliquo
1499 2594 1646 2623 conamine
1664 2594 1759 2627 adiuti.
1782 2593 1865 2623 Ovid.
1884 2603 1925 2629 15.
1955 2592 2023 2623 Met.
2041 2603 2104 2628 224

1263 2634 1541 2669 Anyuvmuaus
1553 2654 1560 2664 .
1583 2641 1634 2669 pro
1655 2631 1805 2667 Adjuturus
1822 2630 1904 2660 habet
1922 2630 2028 2661 Petron.
2050 2641 2110 2669 cap.
2134 2637 2176 2665 18.

1263 2673 1357 2707 ADJU
1370 2680 1429 2705 ro,
1452 2670 1614 2706 [ἀμυνοέζω]
1651 2672 1704 2698 are.
1728 2669 1864 2706 frequent.
1889 2669 1923 2698 ab
1941 2669 2065 2705 Adjuvo,
2098 2678 2147 2707 pro
2160 2669 2277 2703 eodem,
2297 2668 2343 2698 sed
2363 2668 2419 2698 sere

1300 2709 1376 2747 apud
1387 2714 1492 2737 veteres
1512 2707 1634 2737 usitatius
1655 2717 1736 2744 quam
1759 2707 1767 2735 i
1790 2707 1848 2735 sum
1859 2707 2037 2744 primitivum.
2060 2706 2123 2736 Ter.
2142 2707 2211 2736 And.
2227 2716 2318 2742 1.3.4.
2358 2706 2418 2748 Nec

1299 2747 1368 2786 quid
1379 2756 1457 2786 agam
1470 2751 1578 2775 certum
1590 2745 1636 2780 est,
1656 2745 1768 2782 Pamphi
1783 2753 1866 2774 umne
1880 2745 2014 2780 adjurem,
2026 2743 2218 2775 anauscultem
2228 2743 2292 2774 seni.
2313 2744 2419 2774 Ennius

1301 2785 1376 2824 apud
1394 2785 1451 2813 Cic.
1471 2784 1505 2813 de
1527 2784 1635 2813 Senet‘t.
1660 2793 1681 2812 1.

1373 2822 1400 2851 O
1418 2822 1499 2857 Tite,
1521 2821 1608 2858 siquid
1628 2830 1680 2858 ego
1700 2820 1806 2856 adiuto,
1830 2829 1959 2849 curamve
1975 2819 2082 2849 levasso.

1299 2860 1403 2895 Adjuta
1425 2860 1512 2895 mihi,
1541 2858 1647 2888 vetuste
1662 2858 1770 2888 dierum
1784 2868 1836 2896 pro
1857 2858 1963 2894 Adiuva
1972 2864 2028 2887 me.
2068 2857 2164 2886 Pacuv.
2182 2857 2214 2886 in
2227 2854 2334 2893 chryse.
2374 2854 2416 2885 Ex

1329 2904 1422 2927 onato.

1299 2897 1429 2972 llsdjutare
1457 2934 1578 2972 aliquid,
1606 2943 1657 2972 pro
1682 2933 1816 2969 Adjuvare
1835 2933 1864 2962 in
1883 2941 1911 2962 re
1930 2931 2027 2976 aliqua.
2054 2932 2137 2962 Ther.
2157 2931 2261 2961 Phorm.
2287 2940 2306 2959 1.
2329 2940 2353 2959 2.
2368 2934 2415 2965 48.

1380 2988 1425 2997 —
1444 2982 1535 3010 neque
1560 2979 1695 3009 cognatus
1708 2975 1784 3000 extra
1801 2976 1884 3000 una‘m
1905 2971 2051 3005 aniculam,

1342 3011 1497 3048 Quisquam
1509 3010 1618 3044 aderat,
1639 3010 1686 3046 qui
1701 3009 1837 3044 adiutaret
1851 3009 1942 3037 funus.
2001 3008 2078 3038 idem
2090 3007 2155 3036 Hcc.
2170 3015 2193 3042 3.
2204 3015 2227 3048 ².-
2245 3014 2288 3040 24.

1346 3049 1391 3078 Tu
1410 3049 1502 3087 pueris
1516 3056 1594 3078 curre
1616 3047 1749 3077 Parmeno
1771 3047 1898 3081 obviam,
1924 3051 2005 3082 atque
2023 3046 2062 3074 eis
2080 3054 2160 3087 onera
2176 3043 2275 3078 adjuta.
2320 3040 2356 3071 Et
2377 3041 2419 3072 est

1299 3088 1460 3122 μειωνυμίκ,
1482 3095 1533 3124 pro
1546 3107 1554 3117 .,
1579 3082 1653 3123 ipsos
1667 3094 1752 3114 onera
1766 3092 1916 3121 portantes,
1935 3084 1974 3113 eis
1996 3092 2078 3112 onera
2095 3083 2193 3118 adjuta.

1262 3122 1452 3159 Ammon,
1475 3124 1535 3153 aris.
1557 3122 1622 3161 pais.
1654 3122 1755 3152 Lucret
1771 3122 1819 3151 lib.
1845 3133 1865 3151 1.
1887 3127 1948 3155 8i2.
2017 3159 2022 3163 .

1374 3161 1536 3198 Adjutamur
1558 3161 1633 3190 enim
1647 3160 1733 3189 dubio
1752 3159 1865 3197 procul,
1883 3166 1965 3195 atque
1989 3158 2084 3187 alimur
2105 3165 2163 3184 nos.

1263 3200 1456 3234 AnJu—ross,
1479 3200 1540 3229 aris.
1564 3199 1626 3236 dep.
1662 3198 1772 3227 Vetuste
1789 3198 1893 3226 dictum
1912 3206 1961 3239 pro
1978 3196 2110 3239 Adjurare.
2135 3193 2231 3222 Pacuv.
2255 3191 2424 3228 Duloreste,

1302 3236 1385 3266 Illum
1403 3247 1495 3274 quaero
1512 3237 1558 3274 qui
1579 3237 1726 3272 adjutatur.
1785 3235 1874 3264 Afran.
1904 3235 2032 3276 liiimicis‚
2137 3268 2142 3273 ι

1338 3275 1401 3304 Hoc
1413 3275 1526 3304 obiecto
1539 3275 1621 3311 igitur
1632 3274 1703 3310 agite
1713 3295 1721 3308 ,
1744 3275 1771 3303 Sc
1787 3282 1831 3302 me
1846 3272 2014 3307 adjutannm.
2069 3267 2185 3311 Nonius
2382 3306 2386 3310 ·

1262 3312 1415 3347 ADJUTA
1428 3323 1486 3348 NS,
1507 3313 1603 3342 Partic.
1630 3311 1693 3340 Ter.
1717 3312 1748 3339 'in
1772 3310 1877 3339 Phorm.
1899 3308 1965 3346 prol.
1978 3317 2025 3350 ¹34.
2052 3306 2217 3348 Bonitasque
2238 3304 2323 3334 vestra
2343 3305 2421 3337 adru-

1300 3356 1361 3379 tans
1380 3357 1464 3388 atque
1483 3350 1680 3387 aequanimitas.
1721 3348 1773 3377 Ubi
1794 3348 1935 3380 Donatus,
1957 3346 2001 3374 Sic
2020 3352 2125 3386 veteres
2143 3343 2235 3385 dicere
2253 3342 2419 3385 maluerunt,

1300 3398 1384 3425 quam
1394 3389 1542 3422 Adiuvans.
1565 3388 1637 3416 Varr.
1650 3397 1674 3416 2.
1689 3386 1723 3415 de
1737 3386 1769 3415 R.
1785 3385 1816 3414 R.
1839 3394 1897 3421 cap.
1910 3392 1934 3420 7.
1974 3382 2013 3412 Eo
2027 3391 2102 3410 enim
2114 3381 2256 3416 adjurante
2274 3390 2344 3417 equa
2363 3379 2421 3409 alli-

1301 3434 1362 3463 gata
1389 3426 1506 3455 celerius
1527 3425 1688 3454 admittitur.
1990 3458 1995 3462 ι
2067 3457 2072 3461 ,

1262 3462 1535 3498 ΑωυτΑκιιιε,
1557 3465 1583 3493 ἃ
1596 3473 1620 3491 e.
1644 3461 1728 3491 Plaut.
1747 3456 1806 3490 Mil.
1817 3471 1842 3494 4.
1855 3469 1878 3494 4.
1895 3462 1922 3491 8.
1945 3456 2130 3501 AdJutabileni
2145 3465 2256 3502 operam
2271 3455 2344 3498 dare.
2382 3492 2387 3497 ι

1262 3501 1448 3536 Ami-frmi,
1470 3502 1532 3530 oris.
1555 3511 1591 3530 m.
1615 3498 1763 3535 [ewen-25,
1784 3498 1889 3527 βοηθὸς,
1913 3495 2088 3538 evang-fiae.
2108 3494 2257 3536 -αμυιψξῇ
2270 3493 2325 3530 Qui
2343 3492 2421 3525 adiu-

1299 3546 1351 3568 vat.
1376 3539 1433 3569 Cic.
1450 3549 1473 3576 3.
1491 3539 1565 3568 Verr.
1588 3537 1723 3566 Homines
1739 3541 1891 3571 arrogantes
1903 3532 1958 3561 hoc
1971 3531 2143 3568 adiutoreQ.
2199 3541 2307 3573 nmium
2321 3540 2368 3567 per
2380 3529 2419 3558 lu-

1300 3576 1369 3606 dum
1382 3578 1408 3606 Sc
1420 3578 1515 3613 jocum
1529 3576 1646 3605 fortunis
1658 3573 1786 3602 omnibus
1800 3569 1932 3599 evertisse.
1980 3570 2030 3599 Pro
2041 3579 2074 3599 eo
2084 3570 2160 3606 quod
2170 3571 2195 3598 el
2222 3569 2382 3603 Adjuiante.

1299 3615 1415 3650 Adjutor
1437 3624 1559 3651 magnus.
1582 3614 1647 3642 Hor.
1669 3622 1689 3640 1.
1711 3611 1764 3653 Sat.
1783 3613 1863 3650 94⁶5
1907 3646 1913 3651 ι
1936 3646 1940 3651 ι
2059 3645 2063 3650 ἡ
2208 3643 2213 3647 ¹
2379 3643 2384 3647 ι

1299 3651 1369 3681 Belli
1383 3653 1502 3688 adjutor.
1535 3651 1591 3680 Cic.
1604 3661 1628 3685 9.
1655 3650 1708 3677 Att.
1725 3656 1765 3675 12.
1803 3646 1892 3681 Hujus
1906 3642 2065 3683 igiturbelli
2081 3651 2133 3681 ego
2145 3649 2282 3681 particeps
2293 3644 2318 3672 ἃ·
2331 3641 2421 3671 socius

1316 3691 1345 3719 ἃ
1369 3690 1478 3725 adjutor
1497 3688 1550 3718 effe
1577 3697 1667 3724 cogor.
1816 3721 1820 3725 Ι
1844 3721 1848 3726 .
1894 3725 1898 3728 .
1994 3720 1998 3724 ⁸
2057 3720 2062 3725 .
2226 3719 2231 3724 ι
2310 3714 2318 3723 ,Δ
2363 3717 2368 3722 .
2412 3716 2419 3721 ,

1298 3727 1406 3757 Honori
1423 3727 1541 3756 alterius.
1574 3724 1638 3753 Caes.
1663 3734 1684 3752 1.
1708 3721 1774 3751 Bell.
1790 3719 1869 3750 Civil.
1890 3729 1915 3757 7.
1947 3719 2034 3755 Cujus
2055 3718 2111 3757 ipse
2133 3718 2233 3748 honori
2252 3719 2276 3747 ἃ
2293 3718 2420 3754 dignitati

1317 3765 1424 3803 semper
1439 3764 1552 3797 faverit,
1574 3762 1737 3797 adiutorque
1753 3759 1860 3801 fuerit..
1947 3796 1952 3800 -
2137 3794 2142 3799 .
2255 3793 2259 3797 .

1296 3802 1426 3832 Honoris.
1449 3801 1505 3829 Cic.
1531 3809 1581 3831 nro
1595 3799 1682 3828 flacc.
1706 3808 1727 3825 1.
1755 3797 1874 3826 Honoris
1894 3802 1987 3832 potius
2004 3794 2032 3823 L.
2054 3793 2143 3823 Flacci
2158 3803 2202 3822 me
2216 3790 2421 3828 adjurorcmfu-

1314 3848 1406 3869 turum
1417 3834 1555 3875 sperabam
1567 3859 1575 3869 ,
1597 3845 1677 3873 quam
1691 3834 1860 3863 miseriarum
1877 3833 2092 3870 deprecatorem.

1295 3876 1446 3908 Iracundiae
1468 3875 1587 3904 alterius.
1610 3873 1674 3902 Ter.
1698 3872 1775 3901 Adel.
1800 3882 1821 3900 1.
1842 3884 1862 3900 z.
1888 3875 1931 3899 62.
2007 3908 2011 3912 ι
2037 3907 2041 3912 .
2067 3907 2071 3911 1
2097 3906 2102 3911 .
2133 3912 2136 3914 q
2167 3905 2172 3911 ·
2197 3906 2203 3911 .
2243 3905 2248 3909 ¹
2384 3904 2388 3908 Ι

1294 3914 1412 3949 Adiutor
1427 3913 1461 3941 ad
1471 3911 1582 3949 aliquid.
1621 3911 1677 3939 Cic.
1690 3910 1725 3939 de
1739 3910 1846 3940 Amicit.
1880 3907 1916 3937 Ut
1938 3914 1985 3937 aut
1994 3906 2121 3937 libidinis*
2135 3905 2248 3936 nunistri
2262 3926 2269 3939 ,
2288 3910 2334 3934 aut
2345 3903 2422 3939 adju-

1315 3959 1389 3983 tores
1410 3950 1497 3982 ell'ent
1521 3950 1557 3980 ad
1574 3949 1711 3987 injuriam.
2351 3979 2354 3984 Ι

2304 3979 2420 4016 Adiutor
