2600 4177
414 108 444 144 C
541 107 573 143 U
677 108 708 145 R

77 192 203 231 Incipere
211 190 358 222 cursuram.
397 189 430 219 V.
452 200 463 218 1
473 197 538 218 uer
548 199 617 219 1³10.

39 228 63 259 C
71 240 89 260 u
97 240 116 260 a
125 240 139 260 s
148 240 165 260 o
174 241 190 259 ir
198 252 207 266 ‚
229 230 294 260 fitis.
314 239 351 258 m.
372 223 517 264 [ᾢομόῦς]
539 227 657 256 Martial.
670 226 719 256 lib.
731 235 744 262 ι
753 250 760 257 .
772 236 836 257 roo.

159 267 302 297 Cursorem
320 266 393 295 sexta
402 264 452 294 tibi
464 285 473 300 ‚
494 264 566 294 Rufe
576 286 584 298 ,
604 264 757 294 remisimus
776 265 852 294 hora.

79 304 111 335 In
121 305 207 335 stadio
217 304 338 334 cursores
346 301 502 332 exclamant
510 311 590 339 quam
600 303 720 332 maxime
729 301 851 342 possunt.

82 342 219 372 Armillati
228 341 358 371 cursores.
381 340 411 369 V.
433 348 452 368 Α
461 348 478 367 Β.
486 349 505 367 Μ
515 349 525 367 r
535 349 551 367 L
561 349 578 367 r.
588 349 617 369 A.

81 379 180 409 Cursor
189 378 338 409 antecedit.
359 376 479 407 Martial.
490 376 539 405 lib.
556 385 596 406 12.
607 385 653 412 24.

171 417 333 446 ὃυῦοίῃέὶυε
343 423 432 449 neque
442 413 534 443 cursor
544 415 692 444 antecedit.

82 453 213 483 Cursores
223 475 232 489 ‚
252 452 375 483 absolute
385 450 522 481 Mauricio
532 452 567 481 de
578 452 618 482 Re
628 452 687 482 Mil.
705 462 789 490 quem
801 453 868 483 citat
877 450 1027 482 Turnebus
1038 447 1194 483 Adversu-

104 494 147 519 16.
170 491 299 520 dicuntur
310 489 421 525 Equites
430 489 541 525 quidam
552 511 560 524 ,
581 491 628 528 qui
639 497 703 520 ante
714 500 812 528 agmen
821 492 848 520 &
857 491 946 520 aciem
961 495 1110 518 excurrunt
1120 509 1128 520 ,
1149 486 1198 515 ho-

101 527 204 564 stesque
213 527 302 557 versos
312 527 341 555 in
351 527 442 563 fugam
453 526 666 564 persequuntur:
688 527 754 558 sicut
762 530 787 558 δι
802 527 972 561 Defensores,
985 526 1053 555 alios
1063 524 1196 561 quosdam

102 565 245 601 nominat,
265 564 312 601 qui
327 573 361 593 ex
374 564 434 593 acie
445 573 502 594 non
511 571 614 594 exeunt
625 587 633 600 ‚
655 575 708 595 nec
722 573 887 600 excurrunt,
909 564 955 594 sed
965 563 1077 592 ordines
1091 562 1198 599 semper

101 601 216 631 servant.
254 601 286 630 V.
307 600 381 631 Paul.
393 601 494 637 JCtum
507 602 524 632 Ι.
537 612 580 638 99.
592 604 614 641 §.
628 603 678 633 ult.
699 603 758 640 Dig.
777 604 813 632 de
825 603 916 641 Legat.
938 602 965 632 &
981 600 1150 630 fideicomm.
1172 607 1198 635 3.

101 638 172 668 Item
182 638 294 669 Erhard.
307 638 343 668 ad
355 639 460 669 Petron.
474 649 535 677 cap.
550 646 594 674 28.
607 651 634 679 p.
648 651 708 670 100.
732 641 824 671 Burm.

47 675 70 705 C
78 685 96 704 υ
105 686 122 705 a
131 686 144 705 s
152 686 169 705 o
177 685 194 705 a
203 697 212 711 ‚
234 675 398 714 cognomen
407 677 460 706 fuit
470 677 499 707 L.
511 678 544 707 Pa
566 679 609 707 iiii
618 700 626 713 ,
646 688 660 708 a
673 677 820 708 velocitate
830 677 929 708 cursus.
952 675 1045 705 Livius
1057 684 1081 709 9.
1098 677 1139 703 16.

47 713 120 742 Cur
131 723 142 742 s
153 717 281 757 onius,
302 724 334 750 a,
359 724 415 744 um.
438 715 497 751 ndj.
521 689 677 752 [grumos]
703 715 789 752 Quod
805 717 840 744 ad
857 714 964 745 cursum
983 713 1104 750 pertinet
1120 722 1126 741 ε
1145 717 1179 755 ,υς
1190 732 1199 745 ,

84 750 209 781 Cursoria
219 753 304 781 navis.
344 752 475 783 Sidonius
487 753 535 783 lib.
547 763 570 782 1.
584 753 632 791 Ep.
645 764 669 789 5.
700 753 817 791 Tipliim
836 752 984 782 cursoriam
998 771 1007 785 ‚
1029 750 1064 779 sic
1088 757 1201 785 navigio

103 798 219 825 nomen,
230 789 351 819 ascendi.
372 791 427 819 Sed
441 792 541 820 rectius
551 790 576 819 le
597 790 762 826 itur‚‘sicini
772 790 920 820 cursoriam
929 790 981 818 διο.
995 788 1025 817 V.
1038 796 1200 817 DROMONES.

85 825 212 856 Termini
222 827 344 856 cursorii.
367 827 488 857 Frontin.
502 829 537 857 de
546 801 646 857 Coilon.
666 838 693 865 p.
710 838 771 863 ¹4¹·
1183 861 1189 866 ,

50 862 146 897 CURS
154 874 173 929 p
183 874 198 893 a
209 875 218 892 1
231 874 250 893 u
260 875 281 893 M
292 886 300 900 ‚
321 865 339 894 i.
358 874 387 895 n.
408 865 473 903 Qua
489 865 611 895 limitum
628 866 761 895 terminus
774 863 889 895 incedit.
911 863 1009 900 Rigalt.
1030 860 1112 891 Gloss.
1128 861 1203 899 Agri-

85 910 151 929 men
166 924 173 930 .
206 924 213 931 .
224 910 288 936 299.

48 938 123 968 eun
132 948 143 967 s
151 940 163 968 ῑ
171 911 232 968 uria·
242 949 260 968 A
268 949 290 974 s,
301 940 362 969 fitis.
382 939 400 970 f.
423 940 550 978 Fulgent.
567 948 591 976 3.
604 939 725 977 Mythol.
746 938 916 976 vagabunda
924 937 1054 969 cursilitas
1065 936 1201 975 displicet.

51 975 74 1005 C
85 985 104 1005 υ
114 985 131 1005 a.
139 985 157 1005 x
165 986 184 1005 Λ
192 986 211 1005 x
221 998 229 1012 ,
248 978 313 1007 acis.
336 978 396 1013 Adi.
417 978 525 1008 Gratius
534 978 705 1016 Cynegetico
716 987 740 1006 v.
753 983 798 1012 39.

180 1014 251 1044 Nam
261 1015 313 1044 suit
328 1017 354 1045 &
370 1015 474 1053 laqueis
490 1016 589 1052 aliquis
605 1015 765 1046 curracibus
785 1013 855 1044 usus.
951 1012 984 1043 V.
1011 1013 1049 1042 ibi
1065 1011 1156 1042 Barth.
1174 1011 1204 1040 iri

89 1050 172 1082 Gloff.
185 1052 230 1082 Gr.
246 1052 303 1082 Lat.
326 1053 446 1089 Δςόμριξ,
465 1053 578 1083 Currax.

52 1089 74 1119 C
84 1099 148 1119 uas
158 1099 175 1119 o
185 1112 193 1125 ‚
213 1093 267 1119 are.
289 1091 424 1127 frequent.
445 1090 503 1121 Cic.
516 1101 538 1121 1.
548 1091 584 1121 de
598 1090 689 1120 Divin.
704 1099 747 1125 ¹4·

183 1127 320 1164 Fuscaque
331 1138 535 1166 nonnunquam
543 1128 654 1158 cursans
665 1138 712 1166 per
721 1127 800 1156 litora
810 1126 918 1157 cornix.

89 1163 203 1195 cursare
219 1175 267 1203 per
277 1166 360 1195 foros.
400 1166 459 1196 Cic.
477 1167 512 1196 de
523 1167 633 1196 Senecl.
646 1176 672 1203 7.
693 1165 855 1200 Similesque
867 1165 929 1194 sunt
939 1170 970 1194 ut
982 1163 1009 1192 hi
1022 1161 1208 1200 quiguberna-

108 1208 199 1233 torem
209 1204 238 1232 in
249 1204 407 1240 navigando
417 1214 497 1241 agere
507 1204 698 1239 nibildicant‚
719 1212 805 1239 quum
822 1201 871 1232 alii
886 1201 974 1232 malos
990 1198 1141 1235 scandant,
1161 1199 1208 1228 alii

109 1249 159 1277 per
172 1241 245 1271 foros
257 1242 366 1271 cursent
377 1263 386 1277 ,
401 1243 452 1272 Sec.

91 1277 203 1308 Cursare
214 1279 269 1309 huc
282 1279 439 1316 atqueilluc
448 1279 491 1308 via
502 1278 657 1309 deterrima.
680 1277 738 1308 Cic.
748 1288 774 1313 9.
790 1279 842 1307 Att.
855 1286 867 1306 ι
875 1286 899 1307 1.

91 1315 205 1346 Cursare
215 1317 318 1346 circum
328 1324 459 1354 patronos
467 1324 550 1353 atque
561 1315 693 1353 hospites.
713 1316 801 1346 Cic.6.
813 1315 887 1345 Verr.
897 1323 942 1350 ⁴1·
964 1311 1103 1344 Diodorus
1113 1311 1210 1341 Romae

109 1352 265 1384 sordidatus
273 1355 378 1384 circum
387 1362 519 1392 patronos
530 1361 613 1390 atque
622 1353 743 1391 hospites
754 1352 867 1383 cursare:
879 1362 937 1382 rem
952 1351 1081 1381 omnibus
1091 1357 1208 1379 narrare.

92 1389 171 1421 Ultro
181 1394 207 1422 δι
218 1393 298 1422 citro.
339 1392 397 1421 Cic.
411 1401 460 1428 pro
471 1391 551 1422 Rosc.
565 1392 656 1422 Amet.
667 1397 713 1422 60.
734 1391 828 1422 Postea
839 1390 969 1421 homines
984 1387 1090 1420 cursare
1100 1387 1173 1417 ultro
1183 1387 1210 1415 ἃ.

111 1429 181 1459 citro
191 1440 248 1459 non
258 1430 430 1459 destiterunt.

93 1465 165 1496 Vias.
186 1467 275 1498 Valer.
289 1479 314 1503 4.
331 1469 430 1505 Argon.
447 1472 509 1500 108.

92 1503 237 1540 Cursatur‚
259 1505 451 1543 impersonale.
472 1505 537 1534 Ter.
554 1504 622 1534 Hec.
634 1513 658 1539 κ.
671 1514 694 1534 1.
707 1510 752 1540 ξς.

184 1543 330 1580 Trepidari
345 1542 432 1572 sentio
443 1564 451 1574 .
472 1542 570 1572 cursari
582 1542 684 1571 sursum
697 1541 821 1579 prorsum
832 1562 840 1576 ‚
860 1541 914 1571 &c-

58 1577 81 1608 C
90 1588 109 1608 u
119 1589 132 1608 ir
144 1589 156 1608 s
166 1583 182 1609 Ti
193 1590 229 1608 τι
241 1590 258 1609 o
270 1602 277 1616 ,
299 1581 367 1610 onis.
391 1581 410 1609 f.
433 1580 533 1610 Donat.
546 1581 581 1609 ad
595 1580 657 1610 Ter.
672 1580 739 1609 Hec.
755 1589 779 1616 3.
795 1589 816 1607 1.
831 1587 873 1614 ις.
896 1576 1060 1615 Trepidatio
1070 1575 1104 1605 ad
1114 1583 1214 1606 vocem

95 1617 213 1647 refertur
225 1617 400 1654 loquentium
412 1640 420 1652 ‚
441 1618 565 1648 Cursatio
574 1619 609 1646 ad
621 1617 718 1647 sonum
730 1617 844 1655 pedum.

58 1653 245 1691 Βυιεὶτο,
266 1659 320 1684 are.
341 1655 478 1693 frequent.
500 1666 515 1685 a
527 1655 611 1685 Curso
621 1655 836 1691 frequentativo.
864 1652 929 1684 Ter.
944 1652 1012 1683 Eun.
1030 1661 1057 1682 2.
1070 1660 1096 1681 2.
1107 1660 1154 1688 47.
1200 1676 1202 1678 ,

187 1692 230 1723 Ne
241 1692 343 1723 sursum
352 1693 478 1722 deorsum
489 1693 616 1723 cursites:
639 1695 691 1723 ἃο.

95 1730 230 1760 Curiitare
239 1732 274 1760 ad
285 1731 414 1768 aliquem.
436 1731 500 1761 Ter.
511 1731 580 1761 Eun.
591 1740 618 1761 2.
634 1740 660 1760 2.
679 1733 723 1765 56·

188 1769 232 1799 Ne
243 1770 303 1806 quis
316 1769 389 1798 forte
401 1769 587 1799 internuntius
601 1768 672 1798 clam
683 1778 698 1798 a
708 1766 796 1797 milite
807 1767 843 1797 ad
861 1766 936 1797 istam
947 1765 1067 1796 curfitet.

97 1805 160 1835 Huc
171 1807 284 1836 &illuc
309 1807 373 1836 Hor.
386 1817 411 1841 4.
427 1806 518 1836 Carm.
536 1816 576 1836 11.
591 1816 633 1835 10.

59 1842 83 1873 C
94 1849 318 1910 uulsirqirino,
339 1844 410 1874 onis.
432 1844 451 1874 f.
472 1844 560 1875 Solin.
579 1853 641 1881 cap.
658 1853 702 1879 54.
733 1842 848 1873 Solenni
868 1842 1045 1872 cursitatione
1065 1840 1157 1870 lacum
1168 1847 1218 1877 po-

117 1891 134 1910 u
148 1892 179 1911 us
194 1891 303 1912 circuit.

60 1891 138 1949 0¹1³)ss
148 1930 162 1948 R
175 1931 191 1949 U
201 1931 213 1950 S
224 1943 232 1955 9
253 1922 292 1950 fis·
316 1929 352 1949 m·
373 1919 478 1956 [ἆῖικφ.
495 1918 596 1951 Simia,
619 1915 738 1953 ὤφςῶ]
761 1916 888 1947 vehiculi
900 1925 988 1954 genus
997 1936 1004 1948 ‚
1024 1916 1131 1945 dietum
1142 1913 1220 1951 quod

96 1967 132 1987 eo
144 1965 251 1987 veteres
264 1958 431 1987 veherentur
446 1957 480 1986 ad
493 1956 610 1986 cursum.
634 1956 704 1993 Virg.
720 1965 761 1985 12.
773 1956 834 1986 AEn.
855 1958 915 1984 162.

177 1996 352 2032 Quadrijugo
369 1995 508 2024 invehitur
519 2004 608 2023 curru.
1152 2027 1158 2033 .

98 2033 200 2063 Currus
211 2033 409 2071 appellatione,
430 2032 502 2070 Bigae
511 2032 595 2061 etiam
604 2032 629 2061 St
643 2031 790 2067 Quadrigae
802 2029 982 2059 continentur
994 2038 1000 2058 :
1025 2028 1101 2059 unde
1111 2027 1220 2057 Trium-

118 2072 214 2109 phales
221 2081 317 2100 currus
328 2071 491 2100 vocitantur.
513 2069 542 2098 V.
566 2069 689 2107 Bayfiuni
704 2070 732 2097 in
743 2067 838 2097 libello
849 2067 885 2097 de
899 2066 1028 2096 vasculis.

101 2109 222 2138 Phaeton
233 2119 326 2138 currus
341 2110 434 2145 auriga
446 2108 561 2145 paterni.
585 2107 668 2136 Ovid.
683 2115 708 2136 2.
728 2106 795 2135 Met.
810 2114 872 2141 3²7·
1181 2139 1186 2145 '

100 2146 271 2185 Hyperionis
281 2156 387 2176 currus.
409 2146 427 2175 i.
442 2155 466 2174 e.
491 2144 587 2174 Phoebi
598 2145 644 2181 qui
655 2144 729 2173 lilius
740 2144 794 2173 fuit
812 2142 982 2181 Hyperionis
994 2140 1119 2172 Titanis:
1141 2147 1222 2176 cujus

119 2187 203 2214 etiarn
212 2194 316 2214 nomen
326 2184 435 2213 retinet.
458 2182 545 2212 Valer.
557 2192 581 2211 2.
597 2184 694 2220 Argon.
708 2190 752 2218 35.

100 2223 193 2260 Alipes
204 2232 310 2252 currus.
333 2221 419 2251 Valer.
435 2231 459 2256 5.
472 2221 572 2257 Argon.
587 2223 650 2249 611.

103 2261 187 2290 Altus.
210 2260 308 2290 Claud.
320 2269 346 2290 2.
361 2260 396 2289 de
408 2259 488 2296 Rapt.
501 2256 621 2295 Proserp.
633 2262 696 2293 318.
1213 2287 1221 2295 .

101 2301 236 2329 Armatus.
277 2297 335 2327 Liv.
352 2307 374 2326 1.
389 2307 434 2326 21.
458 2295 496 2325 Ad
510 2296 539 2324 id
550 2295 695 2325 sacrarium
715 2293 843 2324 flamines
857 2292 927 2331 bigis
943 2300 1025 2323 curru
1038 2296 1145 2322 armato
1157 2289 1224 2320 vehi

124 2336 204 2370 iussit.
247 2336 276 2365 ln
289 2336 444 2365 emendatis
453 2334 529 2363 libris
539 2332 639 2371 legitur
649 2335 777 2363 Arcuato.

103 2374 221 2404 Candidi
234 2373 338 2403 Dianae.
359 2373 423 2402 Sen.
436 2370 551 2409 Hippol.
568 2374 596 2401 6.

103 2412 222 2442 Celeres.
245 2412 309 2441 Sen.
322 2411 350 2439 in
366 2413 526 2447 Agamemn.
541 2419 568 2445 9.

103 2451 197 2480 Citati.
218 2449 267 2478 Sil.
282 2449 329 2478 lib.
343 2455 368 2483 ε.
381 2453 445 2484 ⁶63.

104 2489 191 2518 Citus.
213 2487 278 2517 Sen.
293 2487 406 2525 Hippoi.
425 2496 468 2516 10.

104 2526 231 2556 Eburnus
243 2547 251 2561 ‚
271 2524 471 2563 Triumphalis.
491 2522 641 2553 Tibul.lib.
656 2531 678 2551 r.
689 2526 715 2555 8.
729 2526 757 2555 8.
850 2557 857 2562 Ι

104 2564 235 2630 Falcati.d
258 2562 348 2592 Valer.
361 2566 386 2592 6.
398 2565 498 2600 Argon.
511 2570 574 2597 105.
596 2560 726 2598 Antiquis'
743 2557 859 2589 falciferi
872 2563 967 2587 currus
983 2560 1062 2586 erant
1079 2552 1115 2584 ad
1135 2551 1226 2583 hostes

123 2602 215 2631 lanian
238 2610 278 2631 os.

106 2640 244 2670 Falciferi.
268 2638 373 2668 Lucret.
388 2636 436 2666 lib.
451 2646 475 2673 3.
487 2640 552 2672 642.

108 2679 222 2708 Ferreus
236 2677 342 2706 Martis.
365 2675 464 2705 Claud.
478 2686 504 2711 4.
517 2674 598 2704 Cons.
611 2673 685 2704 Hon.
700 2676 743 2702 16.

107 2716 228 2753 Fulgens
237 2714 350 2744 Gloriae.
373 2714 441 2743 Hor.
460 2722 483 2742 1.
497 2713 585 2742 Serm.
601 2716 627 2741 6.
637 2720 683 2748 ²3·

107 2754 209 2783 inanis.
231 2753 297 2782 Stat.
313 2756 339 2781 6.
358 2751 450 2781 Theb.
468 2760 530 2786 ς2ο.

106 2790 429 2824 LaboriferiTithonite,
450 2789 468 2818 i.
479 2798 504 2818 e.
526 2788 646 2818 Aurorae.
667 2786 734 2816 Stat.
746 2787 772 2814 6.
783 2783 876 2814 Theb.
886 2790 934 2819 25.

108 2829 202 2860 Lacer.
224 2828 310 2859 Ovid.
320 2837 347 2856 2.
364 2827 432 2856 Met.
450 2830 513 2862 3¹8-

200 2865 351 2904 Sparsaque
364 2864 425 2894 sunt
434 2863 489 2893 late
506 2862 588 2893 laceri
602 2861 715 2899 vestigia
729 2869 833 2891 currus.

108 2905 200 2936 Levis.
226 2903 311 2935 Ovid.
326 2902 393 2932 1.de
407 2904 468 2931 Arte
481 2901 540 2930 Am.
553 2911 581 2936 4.

109 2943 226 2974 Martius
234 2964 242 2978 ,
262 2941 342 2977 cujus
351 2941 415 2978 equi
425 2939 526 2969 Terror
536 2939 563 2968 &
575 2938 659 2967 Pavor
668 2936 801 2965 dicuntur
814 2943 830 2963 a
842 2932 930 2962 Valer.
945 2940 967 2968 3·
979 2931 1077 2967 Argon.
1087 2932 1134 2961 32.

109 2982 248 3012 Micantes
255 2979 377 3009 stamine.
399 2977 498 3007 Claud.
511 2975 591 3006 Cons.
604 2974 680 3004 Prob.
693 2975 719 3003 St
729 2972 813 3010 Olyb.
830 2981 890 3007 179.

109 3020 189 3056 Nigri
201 3018 331 3047 Plutonis.
353 3015 450 3046 Claud.
462 3024 488 3044 2.
504 3014 539 3043 de
550 3013 633 3051 Rapt.
644 3011 764 3049 Proserp.
778 3019 842 3047 227.

110 3057 233 3087 Nitidus.
255 3055 322 3085 Hor.
338 3055 367 3082 in
379 3053 471 3082 Carm.
482 3050 572 3082 saecul.
585 3060 614 3087 9.

108 3095 201 3125 Nitidi
211 3094 315 3124 Dianae.
336 3092 399 3121 Seri.
413 3089 528 3129 Hippoi.
541 3098 567 3124 ζ.

113 3133 246 3169 Praeceps.
269 3131 342 3168 Virg.
356 3138 380 3164 ἶ.
396 3129 496 3165 Georg.
511 3132 574 3163 358.

111 3169 287 3206 Quadrijugi.
312 3169 382 3204 Virg.
393 3176 417 3202 3.
430 3165 530 3202 Georg.
541 3169 584 3199 18.
595 3164 622 3194 δι
635 3171 677 3193 12.
692 3162 755 3193 AEn.
771 3163 834 3191 162.

112 3208 246 3245 Rapidus.
269 3206 341 3243 Virg.
360 3214 401 3234 12.
415 3204 476 3234 AEn.
489 3207 555 3240 478.

111 3245 262 3283 Superbus.
282 3244 348 3273 Seri.
360 3241 464 3272 Troad.
477 3250 501 3277 3.

111 3283 237 3321 Trepidi-
261 3281 346 3310 Valet.
359 3283 386 3309 6.
398 3280 495 3316 Argon.
506 3286 572 3314 401.

112 3320 258 3351 Ventosus.
279 3318 348 3348 Hor.
359 3327 385 3347 2.
398 3316 479 3355 Epist.
495 3326 519 3346 1.
534 3324 596 3352 177.

111 3359 246 3389 volucris.
268 3355 336 3386 Hor.
351 3365 373 3385 1.
388 3354 481 3384 Carm.
494 3362 539 3389 ³4.
552 3359 579 3386 8.

112 3397 229 3428 Currum
243 3417 251 3430 ,
272 3404 324 3432 pro
335 3393 417 3430 Equis
428 3391 521 3430 posuit
535 3390 606 3427 Virg.
622 3397 664 3418 12.
673 3386 734 3433 AEn.
747 3391 811 3422 287.

204 3433 350 3464 Infrenant
358 3430 404 3460 alii·
415 3438 520 3459 currus.
615 3426 649 3456 Et
662 3436 686 3455 1.
698 3425 798 3461 (neorg.
812 3432 875 3458 5¹⁴·
941 3447 957 3455 ,,
1082 3459 1088 3465 ι

361 3483 399 3489 —
408 3477 497 3504 neque
507 3465 587 3496 audit
601 3473 695 3495 currus
709 3462 839 3492 habenas.
932 3456 1000 3490 Haec
1014 3458 1133 3489 Servms.

116 3510 219 3540 Currus
229 3518 280 3546 per
294 3505 494 3543 metonymiam
507 3514 557 3542 pro
570 3502 737 3539 Triumpho.
764 3500 822 3528 Cic.
837 3508 879 3534 ις.
893 3497 967 3541 Fam.
980 3501 1005 3526 6.
1029 3497 1060 3525 Et
1071 3495 1087 3524 si
1103 3505 1161 3539 non
1174 3504 1234 3523 rno-

133 3548 172 3577 do
183 3555 298 3581 omnes,
319 3553 415 3574 verum
427 3543 509 3572 etiam
521 3540 599 3571 multi
609 3539 729 3569 Catones
742 3536 829 3565 essent
845 3537 873 3565 in
887 3541 998 3564 Civitate
1007 3534 1112 3568 nostra,
1134 3543 1162 3562 in
1181 3541 1236 3569 qua

136 3594 224 3615 unum
234 3584 340 3613 exitiss'e
351 3580 474 3611 mirabile
485 3580 524 3609 est
535 3600 543 3614 ‚
564 3587 646 3614 quem
659 3586 710 3613 ego
724 3583 835 3604 currum
846 3595 855 3608 ,
875 3581 923 3602 aut
933 3582 1016 3609 quam
1030 3572 1147 3600 lauream
1169 3579 1235 3599 oum

935 262 993 295 Cic.
1007 271 1033 293 2.
1052 260 1135 292 Tusc.
1149 263 1192 298 56.

134 3631 184 3653 tua
196 3621 355 3651 laudatione
364 3617 539 3649 conferrem?
561 3616 595 3645 Et
603 3614 697 3644 florus
708 3625 734 3649 4.
750 3621 790 3641 12.
806 3621 848 3648 53.
873 3611 963 3648 Digna
977 3619 1020 3639 res
1031 3609 1128 3644 lauro,
1149 3608 1235 3645 digna
1286 3609 1412 3641 Οὔιιῦι.
1423 3619 1431 3636 i
1442 3617 1453 3636 s
1465 3628 1473 3641 ‚
1494 3616 1517 3635 e.
1555 3605 1615 3640 Adj.

136 3670 218 3690 curru
226 3658 330 3688 senatui
340 3657 404 3687 visa.
427 3656 457 3685 V.
480 3654 573 3684 Heins.
587 3652 624 3682 ad
633 3651 681 3682 sil.
691 3656 718 3681 6.
734 3653 797 3687 ς46.

117 3702 204 3735 Agere
214 3705 318 3726 currus.
334 3695 420 3725 Ovid.
432 3704 458 3724 2.
474 3693 542 3722 Met.
552 3695 598 3721 62.

117 3737 233 3773 Agitare.
256 3734 327 3770 Virg.
341 3741 365 3769 3.
378 3732 477 3769 Georg.
490 3736 551 3764 181.
574 3767 579 3772 ι
625 3765 630 3771 .

119 3773 274 3805 Ascendere
282 3770 328 3799 vel
337 3769 531 3799 conscendere.
552 3766 601 3797 Sil.
612 3764 662 3794 lib.
676 3766 719 3794 16.
734 3765 796 3800 376.
818 3761 849 3791 V.
868 3770 887 3791 c
894 3770 911 3791 o
920 3770 941 3789 N
949 3769 962 3789 s
969 3769 988 3789 c
998 3769 1012 3789 s
1020 3768 1040 3788 re
1048 3769 1068 3788 n
1077 3768 1105 3788 o.

118 3812 253 3848 Dirigere.
274 3808 359 3838 Ovid.
370 3817 413 3837 1².
427 3807 496 3837 Met.
510 3811 555 3842 78.
586 3842 592 3847 .

120 3850 265 3880 comitant
274 3847 302 3875 in
312 3845 426 3883 pulvere
437 3854 541 3874 currus.
562 3842 634 3878 virg.
643 3849 671 3877 7.
683 3838 744 3869 AEn.
762 3841 823 3873 163.

120 3888 241 3917 Ducere.
263 3883 346 3913 Ovid.
359 3892 383 3918 ς.
396 3883 431 3911 de
443 3882 520 3912 Pont.
538 3893 558 3910 1.
571 3884 613 3914 67.

121 3926 204 3957 Estuli
213 3931 328 3991 cart-iere.
351 3920 422 3958 Virg.
436 3929 459 3956 ι.
471 3920 572 3956 Georg.
585 3925 647 3951 104.

159 3963 243 3993 Vno.
275 3981 286 3991 .

1618 104 1648 139 C
1745 104 1778 139 U
1873 106 1899 142 P

1290 181 1410 220 Erigere.
1433 183 1500 215 Stat.
1515 194 1557 214 io.
1568 184 1659 216 Th'eb.
1673 195 1733 223 ης.

1473 237 1509 242 -
1520 224 1630 252 attoniti
1640 234 1751 255 currum
1761 234 1873 256 erexere
1886 223 1992 256 leonen-

1290 257 1396 288 Errans.
1417 259 1484 288 Stat.
1495 263 1521 289 6.
1540 261 1630 290 Theb.
1644 267 1709 299 467.

1289 295 1400 324 Excuti.
1423 296 1507 326 Ovid.
1522 307 1563 331 ις.
1578 299 1646 328 Met.
1662 309 1724 336 5¹9-

1290 332 1421 362 Flectere.
1442 332 1506 363 Sen.
1521 335 1634 373 Hippoi.
1650 341 1675 365 6.

1291 369 1450 400 Gubernare
1463 373 1541 402 citos.
1563 377 1627 403 ben.
1642 374 1757 412 Hippoi.
1771 385 1814 406 ιο.

1289 406 1446 444 Impellere.
1469 410 1516 438 Sil.
1529 410 1574 439 lib.
1590 415 1632 441 16.
1644 421 1709 447 420.

1291 444 1401 487 lngredi
1416 446 1498 475 habili
1511 458 1597 477 curru.
1620 449 1704 479 Ovid.
1719 459 1744 479 2.
1757 450 1825 480 Met.
1839 459 1902 488 531.

1291 482 1465 513 inscendere.
1489 484 1518 514 V.
1541 495 1576 514 ιΝ
1587 496 1598 515 s
1607 495 1624 515 c
1633 496 1646 515 ii
1656 497 1675 515 N
1684 497 1702 516 n
1711 497 1736 517 0.

1292 519 1398 549 Invehi.
1425 521 1453 550 V.
1472 532 1507 550 ιΝ
1520 532 1535 551 ν
1546 533 1559 551 e
1571 533 1590 551 H
1601 534 1626 552 o.

1293 557 1387 586 Moliri
1398 568 1454 594 per.
1476 559 1560 589 Ovid.
1572 570 1597 589 2.
1612 561 1680 590 Met.
1697 569 1757 597 ¹35·

1292 595 1390 624 movet
1401 597 1507 632 gelidos
1517 597 1641 626 Latonia.
1666 597 1755 627 Valer.
1771 607 1794 635 3.
1811 599 1911 637 Argon.
1924 609 1990 635 ⁴¹<-

1293 633 1412 661 Novare.
1433 634 1500 663 Stat.
1517 646 1538 663 i.
1553 635 1649 664 Achill.
1664 645 1728 670 4¹5-

1291 669 1394 701 Premit
1404 671 1540 708 alipedem
1553 673 1645 709 plinta
1659 682 1778 702 currum.
1799 672 1846 702 Sil.
1862 673 1909 703 lib.
1921 682 1949 710 7.
1961 684 2026 711 700.

1293 707 1469 743 Properanre.
1491 710 1552 738 Sen.
1569 710 1683 747 Hippol.
1697 714 1722 739 6.

1293 744 1417 781 Rapiunt
1428 756 1476 782 per
1489 747 1547 775 avia
1560 749 1631 783 equi.
1655 746 1738 776 Ovid.
1756 757 1782 777 2.
1797 747 1936 784 Met-205.

1293 781 1421 819 Rapuere
1433 784 1505 819 equi.
1527 784 1590 814 Sen.
1604 785 1720 822 Hippol.
1738 795 1778 813 io.

1296 819 1442 856 Regendus
1453 828 1518 850 arte.
1542 822 1625 851 Ovid.
1646 832 1667 850 1.
1683 822 1718 850 de
1730 825 1800 852 Arte.
1817 823 1875 851 Am.
1888 834 1915 857 4.

1294 858 1438 923 Rseprpgttari
1451 860 1527 895 equis
1538 858 1812 897 insignibus&curru
1830 869 1925 889 aurato
1938 860 1967 890 in
1979 860 2106 898 patriam.
2125 859 2187 891 Cic.
2209 860 2270 899 post
2287 862 2367 893 redit.
2385 863 2414 892 in

1333 904 1347 923 e
1400 905 1459 931 -27·

1296 931 1465 969 Retorquere
1476 933 1590 963 aversos.
1613 934 1684 971 Virg.
1703 943 1743 963 12.
1759 933 1820 963 AEn.
1832 940 1896 969 4535.

1296 969 1436 998 Revocare
1448 992 1455 1003 .
1471 971 1492 1011 i.
1505 982 1528 1000 e.
1551 971 1703 1000 Reducere.
1726 971 1825 1000 Claud.
1839 981 1864 1000 2.
1877 973 1912 1001 de
1922 971 2003 1010 Rape.
2017 972 2138 1011 Proserp.
2155 977 2218 1008 318.

1296 1006 1393 1036 Ruunt
1403 1008 1478 1037 effuli
1491 1018 1607 1038 carcere.
1631 1009 1702 1045 Virg.
1717 1018 1740 1044 3.
1754 1008 1852 1046 Georg.
1869 1019 1931 1045 ¹⁰⁴-

1297 1044 1388 1074 Ruere
1400 1046 1436 1074 in.
1462 1046 1533 1083 Virg.
1545 1056 1569 1083 7.
1583 1047 1644 1076 ffin.
1658 1051 1721 1082 78²·

1378 1081 1528 1112 Exercebat
1539 1093 1625 1121 equos
1639 1106 1647 1119 ‚
1669 1093 1804 1119 curruque
1816 1083 1844 1112 in
1855 1082 1928 1113 bella
1938 1084 2047 1115 ruebat.

1299 1118 1395 1148 Ruunt
1404 1122 1467 1156 equi
1479 1121 1530 1150 levi
1541 1132 1630 1150 curru.
1653 1122 1715 1151 Seri.
1728 1120 1842 1158 Hippol.
1859 1131 1899 1150 10.

1298 1156 1398 1222 Spsbire
1415 1167 1526 1225 cuzuin
1539 1160 1668 1188 dicuntur
1685 1160 1766 1196 equi,
1787 1165 1835 1188 aut
1849 1159 1979 1188 animalia
1999 1158 2063 1194 alia,
2083 1168 2145 1197 quae
2162 1168 2273 1190 currum
2294 1161 2420 1193 trahunt.

1344 1204 1391 1229 irg.
1405 1204 1429 1229 3.
1487 1206 1511 1224 n.
1529 1206 1588 1230 113.

1299 1232 1473 1270 Subjungeie
1486 1243 1566 1262 curru
1577 1234 1666 1270 tigres.
1690 1233 1764 1271 Virg.
1777 1245 1801 1270 ς.
1817 1233 1872 1263 Ecl.
1883 1243 1928 1269 29.
1949 1232 2037 1263 Curru
2053 1256 2062 1269 ‚
2083 1243 2134 1272 pro
2150 1234 2257 1265 Currui.
2280 1236 2399 1266 Servius.

1300 1269 1464 1299 Succedunt
1476 1281 1556 1300 curru
1574 1271 1778 1309 quadrupedes.
1800 1271 1873 1309 Virg.
1887 1280 1911 1307 ς.
1925 1271 1986 1301 AEn.
2003 1282 2066 1308 5⁴¹·

1302 1307 1459 1337 Succutitur
1471 1308 1533 1338 alte.
1556 1308 1640 1338 Ovid.
1657 1317 1681 1338 2.
1705 1309 1774 1338 Met.
1792 1313 1852 1338 166.

1302 1344 1449 1375 Sustinere.
1472 1347 1529 1375 Cic.
1545 1355 1586 1381 13.
1599 1349 1650 1375 litt.
1662 1356 1707 1375 21.
1730 1347 1791 1376 Nec
1801 1347 1837 1376 est
1846 1345 1945 1375 melius
1958 1347 2107 1384 quicquam
2118 1355 2201 1383 quam
2212 1353 2243 1377 ut
2255 1347 2386 1378 Lucullus

1395 1383 1648 1413 Sustineatcurrum
1660 1405 1669 1418 ,
1691 1384 1816 1413 utbonu’
1833 1383 2027 1422 saepeagitator
2040 1405 2049 1420 ,
2071 1384 2220 1423 equosque.

1304 1418 1427 1450 Tardare
1439 1421 1562 1457 alicujus.
1586 1422 1651 1450 Stat.
1670 1432 1691 1451 i.
1705 1421 1803 1451 Achill.
1817 1427 1861 1456 88.

1303 1457 1442 1488 Tremunt
1453 1460 1577 1496 graviore
1589 1468 1668 1488 curru
1681 1468 1752 1489 axes.
1775 1460 1840 1489 Sen.
1854 1458 1969 1497 Hippol.
1985 1467 2010 1495 ς.

1305 1495 1375 1524 Vehi
1389 1505 1468 1526 curru
1483 1497 1518 1525 ad
1532 1497 1644 1525 curiam.
1669 1496 1735 1526 Plin.
1745 1497 1794 1526 lib.
1809 1506 1834 1533 7.
1848 1506 1909 1534 cap.
1919 1506 1965 1532 43.

1307 1532 1423 1562 Currum
1432 1544 1486 1601 [2¹⁰
1499 1534 1568 1563 Navi
1579 1533 1668 1570 posuit
1682 1534 1782 1564 Catull.
1795 1536 1831 1563 de
1841 1534 1927 1571 Nupt.
1939 1533 1993 1563 Pel.
2006 1535 2031 1563 dr
2041 1532 2125 1564 Thet.
2140 1543 2166 1564 v.
2179 1544 2206 1568 9.

1327 1571 1434 1646 oratii}
1458 1615 1493 1644 88
2158 1571 2189 1602 V.
2210 1571 2280 1603 Voss:
2296 1584 2321 1609 4.
2338 1573 2426 1606 instit.

1270 1644 1322 1675 Cu
1333 1649 1444 1676 υἱοῦ
1455 1656 1499 1676 μυ
1510 1657 1549 1682 M,
1570 1647 1586 1676 i.
1617 1657 1643 1677 n.
1680 1644 1838 1684 [ciendum.
1866 1644 1984 1682 δῖΦνΘ]
2012 1647 2110 1676 dimin.
2133 1657 2148 1677 a
2169 1647 2280 1678 Currus.
2317 1648 2429 1680 Curtius

1306 1683 1354 1712 lib.
1366 1689 1390 1718 8.
1407 1694 1447 1720 14.
1460 1691 1486 1718 8.
1506 1685 1561 1714 Sed
1575 1685 1695 1724 etiamrin
1708 1694 1818 1714 amnem
1852 1686 2037 1722 raecipitavere
2051 1685 2194 1716 curricula.

1306 1722 1411 1751 Sereno
1421 1722 1558 1752 curriculo
1570 1732 1640 1751 errat
1650 1723 1800 1760 Cytheraea.
1837 1723 1919 1752 ‘laud
1932 1732 1957 1752 2.
1972 1722 2070 1757 Paneg.
2082 1733 2147 1758 440.

1309 1759 1484 1789 Curriculum
1496 1770 1546 1802 pro
1558 1760 1651 1789 Cursu.
1693 1761 1749 1789 Cic.
1763 1770 1789 1789 2.
1805 1760 1840 1788 de
1852 1760 1943 1797 Legib.
1956 1769 2001 1789 22.
2026 1760 2107 1789 Ludis
2121 1760 2257 1799 publicis,
2279 1761 2355 1797 quod
2374 1761 2431 1791 fine

1328 1799 1470 1827 curriculo
1484 1799 1509 1828 ἅ
1521 1800 1575 1827 line
1585 1798 1738 1827 certatione
1749 1807 1898 1835 corporum
1910 1797 1956 1827 fiat
1968 1819 1976 1832 ‚
1992 1800 2043 1827 ἃς.

1311 1836 1487 1865 Curriculum
1500 1858 1507 1869 ‚
1529 1845 1579 1873 pro
1598 1835 1697 1869 Fama,
1718 1835 1809 1864 laude.
1851 1836 1918 1865 Plin.
1934 1835 1980 1864 lib.
2003 1846 2041 1868 1⁴·
2058 1845 2119 1872 cap.
2132 1838 2158 1864 6.
2180 1835 2217 1864 cle
2236 1836 2431 1873 vinisgeriero.

1328 1873 1370 1902 fis.
1394 1873 1532 1941 ‘Quartspm
1545 1873 1713 1903 curriculum
1726 1872 1844 1911 publicis
1862 1873 1952 1911 epulis
1971 1874 2119 1902 obtinuere
2136 1883 2151 1903 a
2171 1873 2202 1903 D.
2212 1873 2288 1908 julio
2300 1875 2352 1905 διε.
2372 1875 2432 1904 Ma.

1330 1918 1455 1940 mertina.
1498 1920 1521 1940 c.

1312 1948 1395 1978 Lunae
1404 1950 1429 1979 ἅ
1440 1949 1502 1978 solis
1511 1948 1687 1980 curriculum.
1728 1948 1785 1978 Cic.
1796 1948 1824 1977 in
1834 1947 1942 1978 Timaeo
1954 1958 1997 1981 2ς.
2019 1947 2229 1984 Rationeigitur
2246 1949 2272 1977 &
2283 1955 2377 1978 mente
2391 1948 2433 1980 di.

1333 1987 1394 2016 vina
1406 2008 1414 2022 ‚
1434 1987 1469 2017 ad
1480 1987 1615 2024 originem
1623 1987 1756 2024 temporis
1769 2007 1778 2020 ‚
1799 1987 1968 2016 curriculum
1976 1987 2122 2015 inventum
2135 1987 2174 2014 est
2183 1986 2246 2016 solis
2257 1988 2282 2015 ἅ
2293 1986 2376 2016 lunae.

1313 2025 1458 2061 Conjicere
1470 2025 1555 2062 pedes
1567 2025 1594 2053 in
1608 2024 1786 2054 curriculum.
1809 2024 1892 2053 Plaut.
1906 2024 1991 2053 Merc.
2006 2034 2030 2059 ς.
2044 2032 2069 2052 2.
2081 2033 2126 2059 9ι,
2145 2024 2175 2053 li.
2189 2032 2214 2054 e.
2235 2024 2380 2062 Aufugere.

1313 2063 1415 2092 facere
1426 2073 1512 2092 unum
1521 2062 1696 2092 curriculum.
1719 2061 1804 2091 Plaut.
1820 2062 1898 2091 Trin.
1911 2072 1938 2097 4.
1948 2073 1974 2097 4.
1990 2070 2001 2091 1
2010 2071 2032 2091 1.

1313 2100 1355 2129 lre
1367 2100 1448 2130 celeri
1462 2101 1609 2130 curriculo.
1632 2099 1717 2129 Plaut.
1728 2098 1815 2128 Stich.
1826 2109 1851 2129 2.
1864 2109 1890 2128 2.
1905 2108 1945 2135 13.

1314 2137 1490 2167 Curriculuin
1499 2139 1570 2167 vitae.
1611 2137 1669 2167 Cic.
1689 2145 1741 2176 pro
1749 2137 1840 2167 Rabir.
1857 2146 1902 2174 30.
1931 2137 2069 2176 Exiguum
2088 2136 2169 2166 nobis
2185 2137 2250 2167 vita:
2266 2137 2437 2167 curriculum

1334 2183 1431 2205 natura
1441 2175 1658 2213 circumscripsit.

1314 2213 1502 2248 Curriculum‚
1516 2214 1605 2242 Locus
1614 2214 1641 2241 in
1653 2222 1708 2249 quo
1719 2217 1860 2242 certamen
1871 2211 1999 2241 currendi
2009 2219 2164 2242 exercetur.
2179 2211 2248 2242 Hor.
2257 2211 2434 2249 1.Ca.··1n.1.3.

1393 2252 1465 2281 Sunt
1476 2261 1545 2287 quos
1558 2251 1698 2279 curriculo
1713 2250 1854 2287 pulverem
1867 2250 2050 2288 Olympicum

1394 2288 1540 2326 Collegiffe
1550 2287 1626 2323 juvat
1640 2297 1647 2317 z
1671 2295 1800 2324 metaque
1811 2287 1924 2316 fervidis

1395 2326 1501 2356 Evitata
1512 2327 1578 2354 rotis
1588 2346 1596 2360 ‚
1615 2327 1668 2355 &c.
1752 2325 1901 2354 Lambinus
1911 2325 1965 2353 hoc
1977 2324 2041 2353 loco
2050 2323 2190 2353 >Curriculi
2198 2325 2318 2354 nomine
2331 2325 2438 2355 mavult

1334 2364 1451 2394 Currum
1466 2363 1625 2400 significari,
1647 2371 1729 2399 quam
1739 2362 1864 2399 Spatium
1875 2363 1904 2390 in
1914 2372 1969 2399 quo
1981 2362 2107 2395 curritur,
2129 2361 2317 2391 cuiaffentior.
2354 2363 2436 2399 [Sed.

1335 2412 1397 2432 mea
1408 2402 1522 2437 quidem
1532 2400 1665 2429 sententia
1680 2422 1687 2434 ,
1717 2401 1819 2429 reftius
1832 2399 1924 2428 Schol.
1941 2406 1992 2428 vet.
2015 2400 2051 2428 de
2071 2398 2130 2437 lpso
2150 2399 2228 2429 curii:
2249 2401 2388 2437 exponit.
2412 2403 2439 2431 Sc

1336 2441 1394 2469 fere
1404 2440 1438 2468 de
1451 2438 1549 2468 Cursus
1564 2438 1716 2467 certamine
1727 2438 1831 2475 exponi
1845 2437 1936 2466 debet.
1950 2436 2034 2467 Gloff.
2043 2436 2090 2466 Gr.
2104 2437 2160 2466 Lat.
2174 2440 2272 2473 Δμόμρι,
2284 2438 2438 2468 Curricula.

1315 2477 1492 2508 Descendere
1511 2478 1538 2505 in
1562 2475 1731 2505 curriculum
1751 2476 1823 2504 artis.
1863 2476 1962 2504 Auctor
1980 2475 2015 2504 ad
2028 2474 2148 2504 Herenn.
2163 2474 2211 2504 lib.
2222 2488 2248 2509 4.
2260 2487 2286 2510 4·
2323 2476 2405 2512 Qua-si
2419 2476 2438 2505 si

1335 2516 1395 2553 quis
1404 2515 1438 2544 ad
1449 2514 1648 2552 Olympiecum
1657 2514 1763 2542 venerit
1773 2513 1881 2542 cursum
1892 2534 1899 2545 .
1925 2514 1976 2542 &c
2000 2512 2036 2541 sic
2047 2512 2107 2546 isti,
2128 2522 2214 2548 quum
2232 2513 2260 2542 iri
2276 2514 2340 2542 artis
2354 2515 2440 2543 curri-

1332 2553 1427 2582 culum
1439 2552 1650 2586 descenderunt,
1671 2551 1745 2586 illos,
1764 2551 1848 2587 quiin
1857 2559 1891 2579 eo
1907 2549 1982 2585 quod
1996 2550 2035 2579 est
2051 2549 2158 2579 artilicii
2177 2549 2339 2586 elaborent,
2361 2553 2439 2582 aiunt

1333 2591 1424 2620 facere
1433 2590 1607 2619 immodeste.
1648 2589 1678 2618 ln
1691 2590 1756 2618 artis
1769 2588 1937 2617 curriculum
1950 2587 2119 2617 descendere
2130 2610 2139 2623 ‚
2159 2589 2186 2618 ἃ
2201 2588 2231 2617 ln
2241 2589 2358 2618 stadium
2368 2589 2441 2618 Rhe-

1335 2628 1509 2695 torsicaebartis
1518 2627 1632 2666 prodire
1640 2649 1648 2662 ‚
1669 2636 1720 2665 pro
1732 2627 1833 2656 eodem
1843 2625 1953 2664 posuit:
1978 2627 2075 2663 utique
2087 2635 2138 2663 pro
2150 2627 2218 2656 Artis
2228 2634 2365 2664 praecepta
2374 2627 2440 2657 dare

1337 2668 1363 2696 Sc
1385 2667 1420 2694 cri
1445 2675 1498 2695 ere.

1319 2703 1494 2734 Curriculum
1504 2724 1512 2735 .
1535 2712 1583 2740 per
1592 2701 1785 2739 metaphoram
1799 2701 1872 2731 dixit
1883 2701 1939 2731 Cic.
1954 2710 2004 2740 pro
2013 2699 2136 2731 Marcell.
2148 2710 2174 2730 2.
2193 2711 2242 2739 pro
2255 2701 2351 2731 Vetere
2362 2711 2440 2732 more

1338 2741 1471 2771 censendi
1484 2742 1512 2770 in
1524 2741 1626 2770 Senatu
1638 2762 1646 2774 ‚
1666 2742 1691 2770 8(
1703 2740 1899 2769 sententiarum
1914 2740 2107 2768 dicendarum.
2148 2739 2208 2770 Nec
2226 2739 2266 2769 fae
2283 2738 2337 2769 effe
2355 2740 2441 2770 duce-

1339 2780 1402 2809 bam
1418 2801 1426 2814 ,
1449 2779 1545 2808 versari
1557 2779 1640 2807 mein
1653 2779 1744 2807 nostro
1757 2778 1844 2807 veteri
1859 2777 1996 2806 curriculo
2013 2799 2021 2813 ,
2041 2778 2094 2807 sic.

1319 2817 1461 2848 industriae
1472 2817 1649 2846 curriculum.
1691 2815 1748 2845 Cic.
1763 2824 1787 2852 7.
1801 2815 1898 2852 Philip.
1913 2825 1939 2851 7.
1962 2814 2056 2844 Omne
2073 2814 2150 2843 enim
2167 2813 2337 2844 curriculum
2355 2814 2440 2845 indu.

1339 2855 1407 2884 striae
1418 2855 1513 2884 nostrae
1531 2855 1559 2883 in
1571 2854 1632 2882 foro
1642 2875 1649 2887 ‚
1672 2853 1699 2882 in
1713 2854 1788 2882 curia
1798 2874 1806 2887 ‚
1827 2853 1856 2881 in
1868 2854 2023 2882 amicorum
2035 2850 2165 2890 periculis
2180 2850 2371 2889 propulsandis
2384 2852 2441 2882 ela-

1338 2893 1465 2922 boratum
1475 2892 1520 2920 est.
1542 2892 1570 2920 h.
1582 2902 1605 2920 e.
1628 2891 1753 2928 Tempus
1765 2892 1790 2920 &
1804 2890 1922 2928 spatium
1933 2889 2044 2923 cursus,
2065 2889 2110 2918 vel
2123 2889 2198 2918 aecio
2217 2890 2309 2919 omnis
2327 2892 2352 2920 δι
2373 2900 2440 2919 con.

1340 2931 1437 2960 tentio.
1479 2929 1635 2959 Translatio
1645 2929 1751 2965 sumpta
1764 2938 1779 2957 a
1789 2928 1973 2963 currentibus,
1995 2926 2106 2957 &cursu
2121 2927 2297 2956 certantibus.
2343 2927 2441 2958 Elabo-

1340 2976 1429 2997 ratum
1440 2967 1494 3001 est,
1515 2977 1580 2996 cum
1590 2966 1684 2996 labore
1692 2966 1846 3003 susceptum
1856 2987 1864 3000 ‚
1886 2965 1979 2995 labore
1994 2964 2147 3002 perfeetum
2163 2965 2189 2993 ἃ
2203 2964 2409 3002 consumptum.

1323 3006 1428 3037 Mentis
1439 3004 1582 3034 curricula.
1623 3004 1681 3034 Cic.
1694 3005 1730 3033 de
1738 3004 1845 3034 Senest.
1861 3009 1904 3038 38.
1934 3002 1984 3032 Hae
2009 3002 2071 3031 sunt
2087 3002 2299 3032 exercitationes
2313 3003 2440 3041 ingenii,

1343 3044 1402 3072 haec
1411 3042 1547 3072 curricula
1558 3043 1667 3071 mentis.
1704 3041 1872 3072 Theodorus
1885 3041 1966 3070 vertit
1982 3038 2067 3070 fadi...

1322 3080 1443 3112 Deflexit
1455 3081 1490 3109 de
1500 3079 1637 3109 curriculo
1649 3079 1823 3109 consuetudo
1834 3078 1981 3113 majorum.
2020 3077 2078 3107 Cic.
2088 3077 2128 3106 de
2143 3077 2252 3106 Amicit.
2261 3087 2306 3111 4ο.
2332 3077 2440 3109 Etenim

1342 3129 1376 3148 eo
1389 3118 1452 3147 loco
1463 3140 1470 3153 ,
1493 3118 1579 3147 Fanni
1590 3119 1615 3147 δι
1625 3117 1757 3151 Scaevola,
1779 3117 1863 3145 locati
1873 3116 1975 3150 sumus,
1996 3123 2026 3145 ut
2034 3125 2086 3144 nos
2097 3115 2181 3152 longe
2192 3114 2348 3152 prospicere
2359 3125 2442 3153 opor-

1341 3163 1400 3186 teat
1408 3156 1514 3185 futuros
1524 3155 1598 3185 casus
1616 3154 1733 3192 Reipub.
1749 3153 1864 3183 deflexit
1876 3154 1951 3184 enini
1963 3154 2019 3190 jam
2027 3151 2228 3190 aliquantulum
2238 3153 2274 3182 de
2286 3153 2373 3191 spatio
2381 3163 2443 3183 cur-

1343 3193 1488 3230 riculoque
1500 3192 1671 3222 consuetudo
1683 3193 1828 3227 majorum.

1325 3232 1480 3263 Defler‘tere
1487 3230 1512 3260 se
1521 3232 1557 3260 de
1569 3230 1708 3259 curriculo
1717 3230 1870 3267 petitionis.
1906 3228 1966 3258 Cic.
1978 3237 2029 3266 pro
2042 3227 2150 3258 Muren.
2163 3230 2209 3260 ⁴6·
2230 3227 2286 3262 Tu,
2308 3237 2393 3266 quum
2410 3235 2442 3258 te

1345 3271 1390 3336 dps
1394 3268 1532 3298 curriculo
1542 3268 1686 3306 petitionis
1698 3266 1868 3302 deflexiffes,
1888 3267 2068 3304 animumque
2084 3266 2118 3296 ad
2134 3264 2442 3296 accusandumtranstu-

1344 3308 1362 3337 li
1387 3316 1415 3336 es
1426 3328 1433 3342 ‚
1455 3308 1507 3336 διο.

1286 3347 1337 3378 Co
1348 3355 1388 3375 aa
1399 3346 1548 3378 ictinus,
1568 3342 1586 3372 i.
1608 3352 1644 3372 m.
1666 3342 1794 3376 Nonius,
1815 3341 1994 3374 Curriculus,
2014 3346 2045 3370 ut
2056 3340 2228 3371 consuetudo
2241 3341 2307 3375 fert,
2324 3350 2340 3370 a
2358 3351 2442 3372 curru

1325 3383 1475 3414 diminutio
1486 3381 1540 3410 est:
1562 3381 1663 3409 dicitur
1674 3379 1862 3409 Breviffimum
1870 3379 1991 3410 vehiculi
2002 3378 2134 3417 Epirotici
2143 3388 2239 3417 genus.
2252 3378 2438 3409 V.etiamFest.

1325 3419 1463 3452 &Charis
1482 3419 1530 3448 lib.
1554 3429 1576 3447 1.
1592 3417 1778 3447 Priscian.lib.
1793 3421 1819 3446 6.
1843 3418 1939 3451 Adeo.
1959 3417 2067 3454 inquit,
2088 3417 2218 3453 cognatio
2238 3416 2276 3445 est
2293 3425 2389 3446 currus
2405 3417 2441 3447 ad

1326 3459 1433 3489 cursum
1444 3479 1452 3492 ,
1472 3455 1548 3493 quod
1558 3456 1754 3484 diminutivum
1766 3464 1861 3484 currus
1872 3454 2024 3484 curriculus
2035 3463 2085 3491 pro
2094 3453 2172 3483 cursu
2181 3454 2324 3492 accipitur.

1286 3498 1311 3528 C
1321 3507 1337 3526 u
1348 3507 1364 3526 a
1373 3506 1387 3525 a
1398 3506 1407 3524 1
1417 3505 1433 3526 c
1442 3497 1459 3524 u
1469 3505 1484 3522 i.
1493 3503 1510 3522 o
1520 3515 1528 3526 ‚
1551 3494 1615 3522 Adv.
1639 3491 1803 3529 [Jtopcaa'ac]
1824 3501 1875 3530 pro
1887 3492 2000 3522 Cursim.
2023 3491 2109 3523 Fiant.
2124 3491 2207 3521 milit.
2218 3495 2323 3526 2-6-43·
2345 3491 2443 3522 Trans-

1325 3543 1432 3564 currere
1443 3530 1580 3561 curriculo
1589 3530 1623 3559 ad
1634 3540 1693 3560 nos.
1716 3529 1782 3560 Ter.
1793 3529 1893 3560 fleant.
1909 3542 1935 3566 4.
1946 3542 1972 3566 4.
1992 3540 2002 3559 ι
2010 3539 2032 3560 1.
2056 3529 2199 3560 Curriculo
2208 3538 2346 3567 percurre.
2369 3530 2440 3562 Gen.

1325 3572 1374 3601 lib.
1386 3580 1426 3607 17.
1437 3579 1496 3607 cap.
1507 3573 1532 3602 8.

2332 120 2401 157 745

1477 1572 1532 1602 levi
1552 1572 1618 1601 fecit
1636 1571 1934 1602 volitantemflamine
1955 1581 2075 1601 currum.

1644 3603 1830 3641 [oim95st·&·‚
1857 3598 1903 3631 Nm*
1922 3602 1967 3629 ’νῦν
1991 3600 2098 3639 mim]
2119 3613 2133 3633 a
2154 3603 2241 3634 Curru
2263 3604 2419 3634 derivatum
2433 3626 2442 3639 .

1322 3646 1404 3684 ,quod
1417 3645 1502 3674 unico
1518 3653 1534 3671 a
1545 3642 1625 3671 scribi
1636 3643 1735 3675 debet..
1757 3642 1831 3678 quod
1841 3640 1932 3670 brevis
1944 3641 1974 3670 lit
1984 3642 2079 3679 prima.
2102 3647 2133 3671 ut
2152 3641 2224 3671 Sella
2241 3641 2362 3671 curulis:
2384 3652 2443 3678 quae

1327 3695 1362 3714 ex
1372 3684 1455 3713 ebore
1465 3681 1537 3710 faeta
1546 3701 1554 3714 ,
1576 3687 1634 3709 erat
1644 3681 1671 3708 in
1681 3679 1742 3717 ipsis
1751 3680 1876 3708 curribus
1886 3679 1984 3715 quibus
1996 3678 2167 3708 vehebantur
2182 3679 2445 3716 majoresmagistra-

1327 3730 1389 3755 tus,
1410 3721 1516 3749 &inea
1527 3717 1666 3746 sedebant.
1689 3717 1840 3751 aliquando
1856 3717 2015 3745 subauditur
2023 3716 2094 3745 Sella
2110 3717 2152 3746 vel
2168 3717 2260 3746 Sedes.
2301 3717 2442 3752 Consules,

1327 3761 1463 3790 Praetores
1472 3777 1480 3790 ,
1503 3755 1606 3785 AEdiles
1621 3776 1629 3789 ‚
1653 3755 1826 3790 Magistratus
1844 3754 1953 3783 curuies
1962 3763 1997 3782 ex
2007 3763 2040 3783 eo
2050 3754 2133 3789 dieti,
2153 3753 2242 3784 curuli
2254 3753 2319 3785 sella
2330 3755 2443 3785 uteban-

1329 3805 1383 3827 tur.
1406 3795 1473 3824 Hor.
1487 3803 1509 3822 1.
1535 3792 1615 3829 Epist.
1629 3797 1653 3820 6.
1669 3801 1710 3825 ςι.
1735 3791 1834 3820 Lucan.
1848 3790 1895 3819 lib.
1910 3800 1933 3825 3.
1953 3801 2012 3827 107.

1409 3833 1506 3861 Praetor
1514 3830 1588 3859 adest
1600 3851 1608 3862 ,
1629 3838 1776 3864 vacuaeque
1790 3827 1965 3857 loeoceffere
1977 3828 2096 3858 curules.
2191 3828 2264 3858 Nam
2283 3830 2444 3864 Senatores,

1327 3868 1510 3908 quicurulem
1521 3867 1725 3904 magfflramm,
1746 3866 1986 3900 hoceltmajorem
2007 3867 2143 3894 honorem
2158 3867 2310 3903 geliiisent,
2333 3867 2445 3896 honoris

1327 3909 1417 3947 gratia
1425 3907 1456 3936 in
1466 3905 1570 3936 curiam
1582 3903 1726 3934 vehisoh'ti
1741 3911 1948 3970 ειεηεΒοὲιὲιὲὲ
1960 3904 1988 3932 in
2008 3912 2064 3940 quo
2081 3902 2147 3933 seua
2165 3904 2247 3939 esset„
2267 3903 2344 3943 1}me
2365 3913 2447 3970 ng

2326 3944 2397 3971 curli
2420 3952 2446 3970 e-
