2600 4177
448 144 477 178 C
572 144 600 178 A
700 144 723 179 P

65 228 162 262 niculae
178 228 323 262 diliaenter
333 226 480 262 quotannis
491 225 577 255 solere
593 223 696 255 servare
708 248 715 260 ‚
737 226 978 263 coniecturamque
992 236 1108 264 capere,
1129 232 1158 256 ut

8 277 16 284 ’
65 268 158 296 scribit
171 267 299 295 Ponticus
314 264 472 293 Heraclides
482 285 490 297 ,
511 263 658 292 salubrisne
673 274 707 292 an
717 263 847 301 pestilens
856 274 943 293 annus
957 265 1062 293 iuturus
1078 263 1116 292 sit.

48 306 212 336 Coniectura
220 303 324 339 capitur
336 311 411 330 exeo
423 308 453 330 ut
468 302 633 330 inveniatur.
657 301 722 330 Pliii.
738 301 785 329 lib.
801 310 841 335 33.
861 312 920 339 cap.
932 313 957 336 4.

49 342 244 377 Coniecturam
254 348 367 376 capere,
390 340 414 368 ἃ
426 339 530 372 signum
540 338 643 367 sumere
665 349 699 367 ex
714 349 741 367 re
756 339 854 375 aliqua.
898 340 977 367 Varro
991 348 1014 372 3.
1036 338 1070 366 de
1085 338 1115 366 R.
1126 337 1157 366 R.

67 377 426 450 gssfdsffibgssjm‘fig‘fflffl
438 375 1161 452 iiztfssffliffissfftsssv¹{¹23³‘.{‚{iit¹.³{5.‘}2{¹i¹1.¹.sl‡33⁵

43 430 46 434 '
248 430 274 448 t...
617 432 623 442 ι
650 428 664 442 S.
732 437 738 443 .
1149 429 1161 434 *¹

69 455 168 491 piunt,
191 452 207 481 si
226 452 299 480 intus
311 452 411 480 faciant
427 451 576 484 bcmbum,
596 452 648 480 Sec.

49 491 241 522 Conietfturam
253 489 296 518 de.
337 489 394 517 Cic.
408 497 458 525 pro
471 488 578 517 Muren.
589 499 614 524 9.
647 489 734 524 Atque
750 487 863 525 huiusce
876 488 915 518 rei
927 489 1114 524 conjecturam
1127 487 1162 517 de

67 536 115 557 tuo
127 527 208 564 ipsius
218 527 316 561 studim,
337 527 423 560 Servi,
444 525 575 555 facillime
585 527 700 563 ceperis.

50 566 241 602 Conjecturam
251 574 294 593 ex.
335 563 398 592 Caes.
411 573 436 600 7.
450 563 517 592 Bell.
527 563 596 593 Gall.
611 573 653 599 35.
676 563 740 592 Ter.
753 563 853 593 Heaut.
866 573 891 593 2.
906 572 930 600 3.
943 573 988 600 ας.

144 602 287 638 Quantum
301 611 336 630 ex
347 600 403 639 ipsa
415 610 442 629 re
451 601 640 636 conjecturam
654 601 791 638 cepimus.

47 640 208 671 Consilium.
251 638 316 667 Cres.
325 649 351 674 4.
368 638 434 667 Bell.
446 638 515 668 Gall.
528 649 551 672 ς.
573 639 766 668 Infirmitatem
784 637 927 669 Gallorum
943 639 1064 673 veritus,
1086 637 1162 676 quod

49 711 51 714 .
68 678 167 707 suntin
181 677 301 706 consiliis
313 676 459 714 capiundis
476 676 602 706 mobiles.

50 710 199 745 Consilium
212 714 247 743 de
259 713 393 742 sententia
404 713 530 749 alicujus.
554 714 611 743 Cic.
624 722 648 746 3.
667 713 720 742 Att.
735 723 760 748 4.

48 752 198 783 Consilium
208 762 258 789 pro
269 758 394 788 tempore
408 753 433 780 &
448 761 498 788 pro
508 761 546 781 re.
568 751 634 781 Oaes.
650 762 673 786 ς.
686 750 752 781 Bell.
765 751 833 780 Gall.
846 756 871 785 8.
887 760 926 789 pr.

49 790 198 820 Consilium
211 789 621 819 sibi.Caes.2.Bell.Civ.20.Siid
635 798 691 817 non
701 788 866 825 fecisset,sibi
877 789 1160 826 consiliumcapturos.

49 828 198 858 Consilium
207 827 307 864 agendi
317 849 324 861 ‚
346 829 372 857 &
383 835 440 856 non
450 827 558 864 agendi.
598 826 656 856 Cic.
667 836 694 861 4.
708 826 790 856 (lead.
829 826 994 863 Hujusmodi
1006 828 1088 864 igitur
1103 826 1164 856 visis

68 865 181 896 consilia
194 865 285 902 capiet
299 867 325 895 Sc
336 865 453 901 agendi,
480 866 506 894 δι
518 874 575 894 non
584 864 694 901 agendi.

48 902 198 933 Consilium
211 902 275 931 belli
287 903 447 932 renovandi.
465 901 530 931 Caes.
545 912 568 939 3.
582 902 649 932 Bell.
666 901 736 931 Gall.
749 910 775 931 2.

49 940 198 971 Consilium
211 941 304 969 corde.
327 940 412 970 Plaut.
427 940 515 969 Merc.
529 949 554 969 2.
569 949 592 973 3.
608 949 650 969 12.

138 978 200 1007 Nec
216 978 282 1015 quid
295 978 379 1007 corde
391 987 467 1007 nunc
481 977 586 1007 consilii
599 987 697 1014 capere
708 977 808 1014 possim
818 999 827 1012 ,
916 978 990 1007 Scio.
1154 1010 1156 1014 ³

50 1015 284 1047 Consuetudinem
296 1017 320 1045 &
332 1016 571 1045 exercitationem.
611 1015 669 1044 Cic.
686 1025 708 1044 1.
725 1015 806 1044 Offic.
818 1025 860 1050 59.
893 1014 961 1045 Haec
972 1015 1087 1052 igitur&
1098 1013 1163 1044 talia

66 1052 312 1091 circumspicienda
322 1053 422 1082 suntin
435 1054 513 1082 omni
523 1053 631 1088 officio,
654 1054 680 1082 ἃ
697 1052 871 1082 consuetudo
888 1054 1106 1090 exercitatioque
1121 1062 1164 1082 ca—

0 1119 1 1122 ,
66 1091 169 1129 pientia
179 1113 187 1125 ,
207 1097 238 1120 ut
248 1091 313 1120 boni
323 1092 529 1120 ratiocinatores
541 1091 695 1120 officiorum
707 1090 761 1119 esse
771 1090 912 1128 possimus.

48 1128 236 1160 Consulatum.
276 1129 332 1158 Cic.
344 1129 373 1157 in
387 1128 473 1158 Pison.
487 1139 513 1164 4.
544 1128 770 1166 Magnificentius
787 1128 825 1157 est
838 1129 931 1158 dicere
942 1151 950 1163 ‚
984 1128 1164 1166 quemadmo-

67 1167 133 1196 dum
166 1165 305 1196 efferimus
319 1166 500 1197 Consulatum
511 1188 519 1202 ,
541 1176 622 1203 quam
636 1166 874 1203 quemadmodum
884 1167 1049 1204 ceperimus.
1080 1165 1162 1196 Conf.

49 1236 52 1240 ,
66 1204 151 1245 Magis
166 1210 263 1234 ratum.
474 1238 476 1242 .

49 1242 188 1273 Coronam
199 1252 263 1271 cum
274 1241 363 1271 laude.
386 1241 495 1271 Lucret.
510 1241 557 1271 lib.
571 1244 597 1272 ό.
609 1252 654 1277 94.
665 1241 700 1270 de
711 1241 801 1271 Poeta.

49 1280 120 1310 Cura
129 1280 204 1317 cepit
213 1280 346 1309 animum.
386 1279 445 1308 Liv.
457 1289 502 1316 27.
515 1285 540 1313 8.
571 1280 595 1309 ls
605 1287 637 1308 ut
649 1280 773 1310 animum
784 1280 843 1316 ejus
854 1289 918 1310 cura
927 1278 1064 1310 sacrorum
1076 1280 1102 1310 ἃ
1114 1288 1165 1310 cae-

67 1318 255 1348 remoniarum
272 1317 366 1355 cepit,
387 1318 425 1346 ita
436 1324 566 1355 repente,
585 1318 637 1346 dcc.

49 1355 163 1386 Cursum
172 1363 280 1393 capere.
318 1355 392 1384 Suet.
409 1355 477 1384 Oth.
488 1359 514 1385 6.
537 1356 575 1384 Ac
587 1354 956 1393 deficientibuslecticariis‚
977 1364 1042 1386 cum
1053 1354 1164 1386 descen-

49 1418 51 1420 .
67 1393 159 1428 disset,
181 1393 342 1429 cursumque
352 1391 481 1436 cepisset,
506 1392 598 1422 laxato
613 1392 706 1422 calceo
719 1393 834 1429 restitit,
848 1395 899 1423 διο.

46 1430 195 1462 'Dementia
206 1431 339 1460 animum.
363 1431 434 1468 Virg.
450 1442 473 1467 5.
487 1431 547 1461 AEn.
559 1434 624 1466 465.

47 1468 194 1500 Dementia
203 1469 354 1498 incautum.
374 1468 446 1505 Virg.
459 1476 486 1504 4.
501 1469 599 1505 Georg.
614 1472 678 1503 488-

47 1506 218 1538 Desiderium
229 1516 329 1544 capere
344 1515 378 1535 ex
388 1507 490 1544 aliquo.
531 1505 589 1535 Cic.
605 1506 640 1535 de
655 1505 765 1536 Senec't.
779 1515 822 1542 54.
844 1506 907 1537 Ter.
923 1505 992 1537 Hec.
1012 1516 1035 1538 1.
1046 1516 1071 1537 2.
1087 1516 1130 1543 14.

138 1544 248 1582 Edepol
260 1551 286 1573 te
295 1543 460 1573 desiderium
470 1543 638 1573 Athenarum
647 1543 771 1580 arbitror,

62 1609 65 1615 ,
137 1580 294 1617 Philotion‚
318 1581 420 1619 cepisse
432 1581 510 1620 slepe.

46 1617 250 1665 Detrimentum
266 1619 311 1650 vel
323 1619 472 1651 Damnum.
515 1619 574 1649 Cic.
590 1629 614 1649 1.
634 1619 665 1648 in
684 1618 765 1649 Catil.
782 1629 809 1656 4.
839 1619 953 1656 Nequid
970 1620 1052 1659 Resp.
1081 1620 1166 1650 detri-

48 1683 51 1687 .
66 1664 154 1688 menti
164 1668 197 1688 ca
219 1664 286 1688 eret.
506 1685 508 1691 ,

46 1669 252 1727 Detrimeniiim
262 1696 291 1725 in
301 1705 330 1725 re
340 1694 439 1733 aliqua.
462 1694 600 1725 Columel.
616 1694 664 1724 lib.
678 1704 701 1725 r.
717 1704 778 1733 cap.
793 1700 819 1729 8.

46 1733 128 1769 Didia
139 1739 238 1772 capere
249 1733 381 1769 alicuius,
402 1733 503 1763 Audire
513 1733 605 1763 verba.
628 1733 701 1770 Virg.
717 1736 742 1762 6.
762 1732 821 1762 [ΕΠ.
835 1741 896 1770 377.

47 1771 228 1803 Dilationem.
268 1771 340 1801 Paul.
357 1771 415 1800 inl.
428 1771 578 1800 interdum.
601 1771 634 1800 D.
652 1771 686 1800 de
694 1771 769 1800 verb.
783 1770 869 1809 oblig.
891 1771 1033 1801 Interdum
1045 1780 1113 1810 pura
1121 1770 1166 1801 sti-

67 1810 175 1848 pulatio
186 1819 220 1839 ex
232 1818 260 1838 re
273 1808 329 1847 ipsa
341 1804 504 1839 dilationem
515 1809 597 1847 capit.

47 1847 229 1886 Disciplinam
240 1856 274 1877 ex
286 1857 315 1876 re
326 1847 424 1884 aliqua.
447 1847 514 1876 Plin.
530 1847 559 1876 in
572 1847 669 1884 Paneg.

47 1882 266 1916 Documentum.
289 1884 347 1914 Cic.
365 1894 406 1914 11.
427 1883 547 1923 Philipp.
563 1895 587 1920 ς.

48 1922 182 1955 Dolorem
190 1933 224 1953 ex
237 1923 338 1960 aliquo.
358 1922 422 1952 Ter.
431 1924 504 1952 lind.
518 1934 544 1959 4.
556 1931 580 1959 3.
592 1933 619 1959 4.

48 1957 182 1992 Dolorem
191 1961 284 1991 corde.
309 1959 395 1990 Plaut.
407 1959 491 1990 Truc.
507 1970 533 1990 2.
550 1970 573 1990 1.
589 1970 631 1996 ις.

49 1998 183 2030 Dolorem
195 1999 297 2028 animo.
335 1997 395 2028 Cic.
407 1998 442 2028 de
452 1997 523 2029 Clar.
536 1998 643 2029 Orat.r.
668 1998 813 2037 Opinione
826 1998 953 2029 omnium
963 1996 1096 2035 majorem
1108 1997 1165 2028 ani-

69 2047 116 2066 mo
130 2037 192 2075 cepi
209 2036 344 2067 dolorem.

50 2074 139 2105 Dona.
168 2076 186 2104 i.
203 2085 228 2105 e.
251 2076 410 2112 Acceptare.
434 2073 508 2112 Virg.
525 2083 549 2110 3.
562 2073 622 2104 AEn.
638 2079 704 2110 488·

49 2111 140 2143 Duces
152 2111 228 2142 belli.
269 2112 327 2141 Cic.
340 2121 362 2148 3.
376 2112 405 2140 in
418 2111 498 2141 Catil.
514 2115 555 2142 16.
589 2112 672 2142 Nunc
683 2112 814 2150 quoniam
826 2134 835 2148 ,
856 2110 980 2149 Quirites
990 2134 998 2147 ,
1018 2112 1167 2143 sceleratis-

68 2151 127 2218 {3⁰¹5
137 2172 145 2185 ‚
164 2149 438 2218 pericugilisiimique
447 2149 513 2179 belli
521 2149 640 2180 nefarios
651 2151 736 2181 duces
748 2158 846 2188 captos
855 2151 920 2187 iam,
943 2152 969 2180 &
982 2150 1167 2189 comprehen-

81 2198 111 2218 os
122 2196 223 2218 tenetis
235 2210 243 2223 ‚
284 2197 306 2217 c.

50 2226 214 2264 Exemplum
225 2235 324 2264 capere
336 2226 371 2255 de
381 2224 483 2263 aliquo.
524 2224 589 2255 Ter.
604 2225 673 2254 And.
689 2235 715 2261 4.
730 2235 754 2254 1.
765 2234 810 2262 27.
833 2225 910 2262 Quid
922 2226 987 2255 istuc
996 2232 1052 2255 tam
1063 2227 1166 2256 mirum

20 2261 23 2269 ’
68 2264 124 2300 est,
145 2264 164 2294 fi
184 2265 219 2294 de
230 2271 258 2301 te
269 2263 430 2301 exemplum
443 2263 540 2302 capit‘?
563 2263 616 2292 Ubi
630 2263 773 2298 Donatus,
794 2262 835 2293 De
849 2272 876 2293 te
896 2263 1058 2301 exemplum
1080 2266 1164 2302 capit.

69 2303 160 2332 'u'trum
172 2324 180 2338 ,
199 2302 227 2332 Si
238 2302 413 2333 teimitatur:
439 2301 512 2331 anSi
524 2300 559 2330 de
569 2307 597 2330 te
611 2301 697 2338 exigit
715 2302 833 2338 poenas?
860 2308 891 2331 ut
911 2301 968 2339 ipse
988 2301 1069 2337 alibi,
1091 2303 1168 2332 Uter-

70 2350 121 2378 que
130 2339 258 2378 exempia
270 2340 300 2368 in
309 2345 337 2370 te
352 2340 445 2369 edent.
486 2339 542 2368 Sed
553 2339 653 2368 melius
663 2361 671 2374 ,
693 2339 735 2369 Te
745 2340 868 2368 imitatur
879 2362 886 2374 ,
910 2339 1072 2376 accipimus.

52 2377 217 2416 Exemplum
228 2387 263 2407 ex
273 2387 303 2407 re
312 2377 411 2415 aliqua.
452 2376 510 2406 Cic.
523 2377 558 2406 de
570 2378 679 2406 Amicit.
693 2386 734 2413 34.
760 2379 850 2414 Atque
862 2387 956 2407 earum
969 2387 1062 2408 rerum
1074 2381 1168 2409 exem-

70 2416 148 2454 plum
161 2426 195 2445 ex
207 2416 385 2446 similitudine
394 2414 524 2453 'capiebat
531 2415 654 2444 ineuntis
664 2416 758 2444 aetatis.

52 2453 216 2492 Exemplum
228 2454 257 2482 in
273 2463 302 2482 re
314 2453 414 2490 aliqua.
438 2452 574 2482 Columel.
588 2453 637 2482 lib.
651 2465 677 2489 4.
690 2463 750 2491 cap.
769 2462 793 2482 1.

52 2491 202 2522 Exordium
210 2502 226 2521 a
234 2501 264 2521 re
271 2492 370 2528 aliqua.
410 2490 469 2521 Cic.
484 2500 506 2520 1.
519 2491 554 2520 de
564 2490 658 2529 Legib.
670 2496 696 2526 8.
724 2493 746 2521 A
756 2490 856 2528 quibus
865 2490 1039 2529 temporibus
1047 2490 1169 2522 scriben.

69 2527 98 2560 di
111 2530 233 2568 capiatur
247 2529 402 2559 exordium.

53 2567 285 2606 Experimentum.
308 2567 377 2596 Plin.
392 2565 442 2596 lib.
457 2575 499 2602 13.
512 2574 573 2605 cap.
583 2575 608 2596 2.
665 2599 668 2602 .

53 2605 146 2636 Fi'nem
156 2606 231 2643 capit
242 2604 386 2635 discordia.
407 2603 479 2642 Virg.
494 2613 536 2633 10.
549 2605 610 2635 AEn.
627 2607 688 2634 106.
796 2635 799 2639 ,

51 2643 175 2710 Forniijim
190 2643 316 2710 3113111118.
355 2641 442 2672 Plaut.
457 2643 555 2680 Amph.
573 2652 596 2672 1.
612 2653 635 2673 r.
654 2652 716 2672 110.
746 2641 806 2671 Cic.
827 2641 929 2672 eodem
951 2640 1037 2672 modo
1062 2642 1168 2681 capere

91 2692 117 2711 er
130 2691 213 2710 onam
244 2687 301 2710 icit.

0 2731 8 2748 .’
52 2691 187 2787 Ἐὲιυεέὶυω.
227 2719 292 2786 ἔρι’.
303 2718 372 2748 Eun.
389 2726 450 2754 3.1.
465 2722 509 2754 58.
539 2717 649 2747 Metuet
665 2717 789 2755 semper,
811 2723 894 2755 quem
914 2717 972 2756 ipsa
996 2728 1073 2749 nunc
1091 2720 1168 2757 'capit

140 2766 187 2786 um
255 2767 279 2786 c.

53 2792 162 2834 Fructus
177 2779 294 2831 alicujus
306 2794 354 2823 rei.
394 2793 453 2823 Cic.
468 2793 503 2822 de
517 2793 625 2823 Seneci.
635 2793 680 2823 62.
702 2792 825 2823 Honeste
835 2794 895 2822 acta
905 2792 1027 2831 superior
1037 2798 1103 2824 aetas
1112 2794 1168 2824 fru-

69 2833 129 2862 trus
140 2833 215 2870 capit
224 2831 395 2862 auctoritatis
405 2837 552 2861 eatremos.

53 2867 177 2900 Fructum
188 2871 295 2899 amoris.
318 2869 420 2899 Lucan.
434 2868 482 2898 lib.
494 2878 520 2906 7.
533 2877 576 2906 32.
770 2905 775 2912 Ι

53 2907 179 2938 Fructum
187 2917 222 2938 ex
235 2918 263 2937 re
270 2907 370 2945 aliqua.
394 2907 453 2936 Cic.
467 2916 493 2937 2.
510 2907 545 2936 de
556 2906 646 2936 Divin.
660 2916 684 2941 ς.
707 2904 843 2942 Equidem
854 2915 888 2935 ex
897 2904 940 2935 his
951 2906 1035 2937 etiam
1045 2907 1166 2938 fructum

69 2946 149 2984 capio
158 2945 260 2975 laboris
270 2947 344 2981 mei,
363 2945 410 2983 qui
419 2945 474 2980 jam
484 2946 609 2982 provecti
621 2967 627 2979 ‚
652 2944 681 2973 in
691 2944 787 2972 nostris
796 2944 873 2973 libris
886 2945 1072 2981 acquiescunt.
1087 2946 1167 2976 Idem

72 2993 97 3014 1.
112 2984 164 3013 Att.
179 2993 203 3020 3.
226 2983 278 3012 Cui
289 2992 374 3021 quum
384 2983 455 3020 aequi
468 2982 607 3012 fuissemus
621 3004 628 3017 ,
647 2989 742 3010 tamen
753 2981 843 3011 multo
855 2983 989 3017 majorem
1001 2983 1122 3012 fructum
1131 2992 1167 3012 ex

68 3021 165 3067 populi
176 3021 378 3051 existimatione
391 3020 440 3049 illo
454 3019 586 3050 damnato
596 3020 739 3058 cepimus,
761 3026 843 3056 quam
858 3028 892 3048 ex
907 3020 990 3058 ipsius
1001 3042 1010 3056 ,
1031 3020 1167 3050 siabsolu.

71 3061 113 3090 tus
122 3059 206 3095 effet,
227 3061 312 3096 gratia
324 3068 356 3088 ce
378 3057 498 3088 iffemus.

2 3108 9 3115 ⁵
54 3096 160 3138 Fugam.
198 3096 265 3127 Caes.
276 3107 302 3133 7.
317 3097 353 3126 Be
367 3096 384 3125 1.
395 3095 466 3125 Gall.
476 3099 521 3125 26.
543 3095 672 3125 Precibus
684 3094 824 3133 petierunt
834 3104 869 3123 ne
882 3093 909 3123 se
920 3096 945 3124 Sc
957 3102 1121 3125 communes
1136 3095 1167 3126 li-

71 3134 150 3166 beros
160 3134 282 3165 hostibus
290 3135 325 3164 ad
333 3133 502 3172 supplicium
513 3133 659 3169 dederent,
681 3141 750 3171 quos
764 3133 799 3161 ad
808 3133 975 3170 capiendam
984 3133 1076 3171 fugam
1087 3140 1169 3163 natu-

72 3178 100 3203 'ra
107 3174 132 3204 &
141 3173 240 3203 virium
254 3172 398 3201 infirmitas
407 3171 587 3209 impedirent.

54 3210 197 3241 Gaudium.
219 3209 287 3240 Plin.
299 3210 381 3248 Epist.
396 3209 474 3246 (97.)
484 3209 532 3238 lib.
543 3213 570 3239 6.
592 3208 679 3245 Quod
689 3207 832 3247 gaudium,
853 3213 885 3237 ut
897 3214 1033 3246 perpetuo
1045 3209 1165 3246 capiam,

0 3260 4 3261 ⁷
71 3249 137 3279 deos
152 3258 211 3278 oro.
418 3274 421 3279 .

54 3285 187 3316 Gaudium
194 3295 229 3316 ex
239 3296 269 3316 re
279 3283 378 3323 aliqua.
416 3283 474 3314 Liv.
487 3284 532 3321 2'7.
545 3294 591 3319 40.
624 3283 677 3313 Aut
693 3293 728 3313 ex
743 3282 853 3313 civibus
866 3283 948 3312 victis
965 3283 1097 3320 gaudium
1109 3294 1167 3314 ine-

73 3324 153 3358 ritum
162 3332 237 3354 certe
247 3346 255 3359 ,
276 3324 323 3353 etsi
335 3332 393 3352 non
403 3322 550 3352 honestum
560 3344 569 3356 ,
594 3322 713 3359 capiam.

5 3372 11 3376 ·
54 3361 187 3392 Gaudium
197 3362 297 3391 animis
305 3362 353 3390 vix
365 3370 473 3399 capere.
497 3359 554 3389 Liv.
568 3359 616 3388 lib.
629 3368 673 3395 27.
690 3364 760 3389 extr.
795 3358 826 3387 V.
850 3358 972 3388 Gratiam
985 3368 1012 3396 p.
1023 3368 1051 3396 p.

53 3398 197 3430 Generum.
217 3400 272 3429 i.e.
294 3399 416 3436 Eligere,
437 3399 550 3428 auctore
561 3397 682 3428 Donato.
719 3397 782 3427 Ter.
798 3396 1002 3432 Hec.4.1.22.
1030 3396 1167 3434 Quumih

72 3436 128 3467 lum
139 3447 270 3476 generum
282 3437 417 3475 cepimus.

54 3474 161 3505 Gestum
172 3497 180 3511 ,
203 3475 367 3512 vultumque
375 3481 491 3503 novum.
531 3470 597 3502 Ter.
610 3472 719 3502 Phorm.
733 3482 755 3507 ς.
770 3475 796 3501 6.
811 3481 853 3507 51-

147 3513 231 3543 Nunc
250 3513 339 3550 gestus
354 3512 424 3542 mihi
435 3510 580 3548 vultusque
590 3510 628 3540 est
637 3509 789 3548 capiendus
800 3519 899 3538 novus.
958 3546 964 3552 .
986 3547 992 3552 ¹

55 3548 173 3580 Gloriam
183 3551 218 3580 ob
229 3550 380 3580 amicitiam
389 3549 529 3579 servatam.
552 3549 567 3578 i.
580 3558 605 3577 e.
628 3548 752 3577 Laudari.
788 3547 847 3576 Cic.
858 3547 894 3576 de
904 3547 1014 3576 Amicii.
1025 3556 1070 3583 25.
1088 3547 1167 3577 Non-

72 3597 106 3617 ne
115 3588 193 3618 Facile
207 3589 232 3618 ei
242 3590 294 3618 erit
305 3610 314 3624 ,
335 3588 382 3625 qui
394 3587 431 3617 ob
442 3596 503 3617 eam
512 3585 617 3616 summa
626 3585 680 3615 fide
691 3608 699 3621 ,
720 3585 872 3615 constantia
882 3606 890 3620 ,
910 3584 1065 3622 justitiaque
1078 3584 1166 3616 serva-

72 3630 128 3655 tam
141 3647 149 3660 ‚
170 3627 320 3655 maximam
336 3626 441 3663 ceperit
451 3625 565 3663 gloriam
574 3625 588 3653 ³.
1032 3660 1038 3666 ι

55 3661 172 3693 Gratiam
181 3673 278 3701 capere
287 3664 389 3693 dicitur
396 3663 513 3692 animus.
554 3662 613 3692 Cic.
626 3671 651 3691 2.
663 3661 738 3691 Fam.
752 3671 776 3696 ς.
807 3660 905 3703 Quum
918 3659 1069 3697 praesertlm
1081 3660 1168 3690 confi-

73 3700 165 3731 derem
174 3723 182 3737 ‚
202 3701 307 3731 nullam
316 3700 369 3730 esse
379 3702 492 3738 gratiam
504 3722 512 3735 ,
533 3709 614 3737 quam
624 3699 670 3729 vel
681 3709 739 3728 non
749 3706 847 3736 capere
857 3707 967 3727 animus
982 3708 1061 3728 meus
1076 3699 1105 3727 in
1123 3708 1166 3728 ac-

72 3738 98 3767 ci
118 3739 200 3768 iendo
214 3761 222 3775 ‚
243 3740 286 3768 vel
296 3741 326 3768 in
335 3738 557 3773 remunerandO,
580 3737 806 3773 cumulandoque
816 3735 948 3765 illustrare
959 3735 1056 3774 posset.
1090 3736 1167 3773 [Hic

75 3748 193 3812 θὲχωεὲυ
206 3798 214 3812 ,
236 3777 373 3815 Capacem
389 3776 450 3806 effe.
491 3776 537 3805 Sic
548 3775 687 3805 Gaudium
697 3775 780 3812 paulo
792 3779 865 3803 ante.
1095 3793 1107 3800 e

55 3811 195 3843 'Honorem
206 3824 236 3844 ca
260 3825 305 3844 ere
315 3813 559 3852 populisuffragio.
581 3813 667 3842 Plaut.
680 3812 809 3842 Bacchid.
823 3820 846 3845 3.
860 3819 885 3854 3t
900 3819 943 3847 34.

143 3851 216 3881 Nam
226 3862 242 3881 o
256 3853 292 3881 im
303 3852 400 3890 populi
408 3852 483 3889 prius
493 3852 628 3881 honorem
639 3850 770 3888 capiebat
778 3847 905 3886 suffragio
915 3868 925 3884 ,

146 3889 237 3926 Quam
247 3891 374 3927 magistro
384 3889 524 3919 definebat
536 3889 611 3918 dieto
622 3888 676 3918 esse
684 3887 828 3917 obediens.

62 3924 181 3956 Honores
195 3927 298 3964 primos
309 3933 416 3965 capere.
439 3927 523 3957 ovid.
535 3937 562 3962 4.
573 3926 652 3956 Trist.
670 3936 712 3955 ιο.
729 3933 770 3961 33.

105 3995 128 4031 v
145 3964 277 4032 Cepilmus
289 3966 316 3997 δι
327 3971 429 3998 tenerae
439 3966 544 4003 primos
555 3965 640 3994 aetatis
653 3963 780 3993 honores.

36 4020 38 4028 ›
136 4011 153 4032 o
164 4013 189 4032 L.
226 4023 232 4031 .
309 4020 316 4021 ff

1625 147 1652 181 C
1750 151 1775 182 ,ἃ
1870 149 1890 182 l'
2301 167 2316 197 ,ζ
2332 165 2366 195 25

1249 226 1386 264 Impetum
1397 238 1503 265 capere.
1547 230 1622 258 Suet.
1643 229 1778 266 Arigaczip.
1793 238 1836 264 4²-
1861 230 1998 266 impetum
2020 230 2044 258 se
2066 231 2166 265 cepisse
2183 232 2271 260 stt-{iiii
2286 256 2292 263 ,
2318 237 2371 263 iru-

1268 268 1451 308 nient-itiones
1463 266 1585 304 publicas
1599 268 1625 295 in
1638 275 1802 304 perpetuum
1816 268 1947 296 abolendi
2000 269 2075 297 idam
2089 269 2228 306 C.13:g.43.
2254 272 2328 308 'rtpc
2343 273 2373 299 ii-

1267 305 1350 330 ironis*
1362 306 1530 333 Germanici*
1543 306 1677 341 impetum
1690 306 1773 342 cepit.
1809 305 1836 333 V.
1861 305 1962 342 interp.
1977 307 2012 334 at!
2024 307 2076 334 loc.

1251 340 1474 370 Iuctumiiodum.
1514 343 1571 371 Cic.
1587 353 1609 376 ς.
1631 343 1704 371 Vcrr.
1728 343 1839 372 Etenim
1853 353 1910 371 non
1931 344 2017 372 modo
2040 344 2210 372 incommodi
2237 345 2305 373 nibil
2328 355 2372 375 ce-

1270 386 1387 413 perunt,
1410 379 1455 407 scd
1469 380 1551 408 ctiam
1564 402 1570 411 .
1589 382 1640 408 &¹2.

1250 414 1466 457 incrementum.
1508 417 1643 446 Columel.
1657 417 1703 446 lib.
1719 427 1743 447 2.
1762 426 1821 455 cap.
1837 428 1878 447 10.
1910 417 2079 454 Priusquam
2091 418 2156 447 luna
2168 419 2371 449 incrementum

1270 462 1299 479 ca
1312 460 1368 482 nat.

1250 463 1383 519 lniiiiicos
1399 500 1496 519 omnes
1513 491 1656 527 homines,
1679 493 1755 529 quod
1768 492 1865 530 vulgus
1877 493 1980 523 Ponere
1991 492 2016 522 se
2032 494 2060 522 in
2078 493 2150 522 mala
2168 495 2252 531 gratia
2263 516 2271 529 ,
2292 494 2369 523 dicit.

1214 547 1220 551 -
1271 527 1335 556 Ter.
1351 528 1418 556 And.
1430 539 1456 562 4.
1471 538 1495 556 2.
1516 538 1556 557 12.

1332 565 1380 593 Per
1390 574 1487 605 omnes
1500 566 1547 594 tibi
1561 567 1657 602 adjuro
1670 568 1737 597 deos
1749 589 1756 600 .
1780 577 1922 604 nunquam
1934 577 1995 597 eam
2006 578 2049 597 me
2061 569 2246 598 deserturum:

1332 602 1397 630 Non
1411 624 1419 636 ,
1441 605 1457 630 ii
1469 604 1622 639 capiundos
1633 606 1699 633 inihi
1710 605 1791 634 sciam
1804 606 1856 634 esi'e
1867 607 1995 635 inimicos
2006 616 2104 636 omnes
2114 607 2252 637 homines.

1252 638 1416 668 Inimicitias
1429 641 1456 668 in
1469 640 1494 669 se
1508 641 1543 668 ob
1553 641 1681 677 aliquem.
1704 643 1767 671 Ter.
1781 643 1887 672 Pliorm.
1901 654 1925 672 2.
1940 653 1963 679 3.
1975 654 2018 673 22.

1332 677 1403 705 Nani
1416 678 1443 705 ni
1457 678 1494 706 itzi
1510 688 1572 707 euni
1587 680 1779 709 exiliiiiiasi‘em
1794 702 1801 714 ,
1823 690 1965 717 nunquam
1982 689 2037 710 tam
2050 691 2143 719 graves

1289 750 1295 756 ⁸
1311 751 1317 757 1
1332 713 1378 742 Ob
1396 714 1470 743 hanc
1487 716 1646 745 inimicitias
1662 727 1789 754 caperem
1806 719 1834 746 in
1846 722 1963 747 nostram
1975 720 2114 749 familiam.

1252 751 1368 817 lignum
1381 761 1434 781 are
1445 752 1544 789 aliqua.
1586 753 1650 782 Caes.
1667 765 1688 783 1.
1703 755 1770 783 Bell.
1786 755 1855 784 Gall.
1870 767 1891 785 i.
1917 757 2030 786 Initium
2047 759 2121 795 capit
2135 768 2149 786 a
2164 758 2281 788 flumine
2302 758 2375 789 Rho-

1294 798 1357 817 ano.

1252 826 1370 856 Initium
1380 836 1479 864 capere
1487 838 1521 857 eir
1534 837 1565 857 ea
1575 835 1652 863 parte
1663 828 1750 858 siilent
1765 852 1772 864 ,
1795 831 1840 867 qui
1853 832 1942 868 priora
1954 832 2113 861 omiserunt.
2149 833 2268 870 Quintil.
2282 835 2330 865 lib.
2344 845 2369 865 2.

1271 873 1303 892 ca
1327 887 1332 893 .
1357 874 1366 892 r
1378 874 1399 894 1.

1253 874 1382 932 insiilam.
1420 902 1487 945 *Cres
1501 913 1526 937 4.
1546 902 1612 932 Bell.
1631 902 1700 933 Gall.
1720 907 1765 933 26.
1800 905 1897 941 Neque
1921 906 2031 943 longius
2052 907 2178 945 prosequi
2201 915 2374 947 potuerunt,

1273 939 1349 975 quod
1363 948 1470 976 equites
1484 939 1592 969 cursum
1613 949 1708 970 tenere
1725 964 1731 976 ,
1753 949 1835 980 atque
1857 943 1972 973 insulam
1992 955 2111 982 capere,
2133 957 2191 976 non
2212 957 2374 985 potuerunt.

1274 977 1315 1005 De
1329 977 1484 1006 Britannica
1496 979 1669 1014 navigatione
1680 979 1810 1016 loquitur.
1834 982 1907 1010 conf.
1929 982 2047 1011 Portum.

1253 1013 1432 1044 Intellectum
1450 1015 1498 1044 rei.
1538 1017 1619 1045 Caius
1637 1017 1664 1045 iu
1686 1016 1703 1046 1.
1720 1019 1906 1055 υῑ-εείρῐιιιπυτ.
1929 1019 1961 1048 D.
1986 1022 2019 1048 ad
2035 1020 2175 1049 Senatusc.
2199 1022 2279 1059 Sylla.
2317 1024 2373 1053 Oui

1274 1062 1339 1081 vero
1351 1053 1485 1087 ministri,
1508 1054 1552 1082 vel
1566 1055 1716 1091 participes
1731 1058 1814 1084 caedis
1826 1055 1949 1091 ruissent,
1972 1059 1997 1086 ἃ
2010 1059 2067 1091 eius
2081 1059 2165 1087 astatis
2184 1067 2213 1088 ut
2239 1062 2276 1089 rei
2296 1051 2377 1091 insei-

1272 1089 1378 1133 leetum
1388 1100 1487 1128 capere
1499 1091 1627 1128 possent:
1650 1093 1691 1121 his
1707 1102 1765 1122 non
1775 1094 1860 1130 magis
1877 1095 1905 1122 in
1926 1095 2002 1124 caede
2022 1096 2129 1125 domini
2141 1119 2148 1131 ‚
2170 1107 2250 1133 quani
2273 1099 2301 1127 in
2322 1099 2377 1129 ulla

1275 1127 1329 1157 alia
1340 1128 1420 1157 causa
1434 1130 1509 1166 parci
1526 1137 1664 1166 oportere.

1254 1165 1390 1196 Invidiam
1401 1167 1475 1202 apud
1486 1166 1590 1203 aliquos
1603 1190 1611 1202 ,
1632 1174 1679 1197 aut
1692 1169 1759 1197 iram
1769 1168 1894 1204 alicujus.
1935 1169 1992 1198 Liv.
2007 1181 2029 1205 ς.
2043 1180 2086 1200 20.
2108 1171 2150 1201 Ne
2162 1182 2241 1208 quam
2253 1173 2318 1202 inde
2329 1181 2377 1204 aut

1273 1204 1476 1248 militumniram
1487 1214 1521 1233 ex
1531 1205 1702 1242 malignitate
1714 1207 1812 1243 praedae
1825 1208 1930 1244 partita:
1941 1230 1948 1242 ,
1970 1216 2017 1237 aut
2036 1208 2168 1238 invidiam
2189 1212 2263 1247 apud
2284 1220 2377 1248 patres

1258 1269 1261 1274 ,
1273 1251 1309 1270 ex
1325 1242 1441 1279 prodiga
1454 1242 1599 1279 largitione
1610 1252 1722 1281 caperet
1732 1267 1739 1279 ‚
1767 1245 1873 1274 litteras
1884 1246 1918 1273 ad
1929 1246 2060 1274 Senatum
2071 1248 2148 1276 milit.

1255 1279 1395 1315 judicem.
1436 1279 1492 1309 Liv.
1508 1290 1530 1316 3.
1548 1290 1592 1317 7¹-
1614 1281 1846 1312 Multisinvicem
1859 1283 1984 1312 cladibus
1997 1283 2072 1319 felii,
2095 1284 2215 1322 judicem
2236 1296 2303 1324 pop.
2323 1287 2378 1316 Ro.

1277 1326 1392 1346 manum
1403 1327 1512 1355 cepere.
1650 1348 1652 1351 ,

1255 1354 1386 1390 judicem
1401 1356 1438 1385 de
1448 1366 1476 1385 re
1490 1356 1591 1394 aliqua.
1633 1356 1717 1386 Plaut.
1732 1357 1818 1386 Merc.
1830 1368 1856 1392 4.
1869 1367 1892 1393 3.
1906 1367 1949 1393 34.
1975 1357 2016 1387 De
2028 1359 2091 1388 istac
2105 1359 2162 1389 sum
2175 1360 2257 1395 judex
2270 1368 2377 1398 captus.

1257 1392 1392 1422 Laborem
1403 1403 1512 1431 capere.
1554 1395 1612 1424 Cic.
1628 1405 1678 1432 pro
1692 1395 1769 1425 Rosc.
1784 1397 1863 1425 Com.
1887 1396 1951 1426 Non
1967 1396 2019 1425 fuit
2034 1396 2112 1426 causa
2123 1407 2171 1426 cur
2185 1406 2291 1428 tautum
2303 1400 2379 1428 labo-

1280 1440 1338 1460 rem
1349 1441 1461 1469 caperes
1471 1454 1480 1467 ,
1503 1433 1529 1462 &
1543 1433 1578 1461 ad
1592 1442 1635 1461 me
1644 1434 1760 1462 venires.

1257 1467 1392 1499 :Laborem
1412 1469 1457 1499 ob.
1499 1470 1584 1500 Plaut.
1597 1470 1676 1500 Trin.
1688 1482 1715 1506 4.
1728 1482 1754 1506 4.
1766 1480 1810 1501 22.
1848 1471 1893 1501 Ob
1907 1481 1966 1501 rem
1977 1472 2100 1502 laborem
2113 1482 2206 1502 meum
2215 1482 2266 1510 ego
2277 1474 2378 1512 cepisse

1277 1507 1385 1536 censeo.
1408 1507 1471 1537 Ter.
1485 1509 1568 1537 Andr.
1584 1519 1606 1544 5.
1622 1518 1647 1537 2.
1664 1518 1708 1543 29.

1350 1544 1473 1575 Tantum
1485 1545 1608 1575 laborem
1617 1556 1715 1585 capere
1723 1546 1760 1575 ob
1770 1546 1854 1575 talem
1864 1546 1953 1576 filium
1964 1549 1978 1575 ‘?

1258 1579 1395 1612 Laborem
1406 1584 1527 1613 inanem.
1551 1584 1615 1613 Ter.
1633 1584 1701 1614 Hec.
1720 1594 1743 1620 3.
1755 1595 1781 1613 2.
1795 1595 1820 1620 9.

1258 1619 1396 1650 Laborem
1406 1622 1509 1651 animo.
1534 1621 1620 1651 Plaut.
1633 1622 1711 1651 Trin.
1728 1632 1750 1651 1.
1761 1632 1787 1651 2.
1803 1633 1847 1659 35.

1259 1657 1396 1688 Laetitiam
1412 1669 1446 1689 ex
1459 1669 1487 1688 re
1499 1659 1598 1697 aliqua.
1639 1659 1698 1689 Cic.
1711 1670 1737 1696 4.
1755 1661 1808 1689 Ait.
1822 1670 1862 1696 17.
1899 1660 1940 1690 Ad
1960 1660 2094 1691 summam
2122 1661 2243 1691 laetitiam
2265 1672 2354 1692 meam
2369 1686 2377 1698 ,

1280 1706 1362 1733 quam
1372 1706 1406 1726 ex
1417 1705 1465 1727 tuo
1478 1698 1568 1726 reditu
1576 1697 1658 1735 capio
1669 1720 1676 1734 ,
1698 1707 1814 1734 magnus
1829 1697 1904 1728 illius
1914 1699 2034 1728 adventu
2045 1699 2174 1729 cumulus
2186 1702 2299 1730 accedit.

1259 1733 1397 1764 Laetitiam
1409 1734 1507 1764 oculis.
1549 1735 1607 1765 Cic.
1625 1746 1667 1771 14.
1684 1736 1738 1765 Att.
1753 1739 1795 1765 16.
1818 1736 2072 1771 Praeterlaetitizim
2099 1748 2182 1775 quam
2206 1739 2296 1768 oculis
2316 1739 2378 1776 cepi

1281 1781 1315 1801 ex
1327 1773 1397 1808 {usto
1409 1774 1523 1803 interitu
1534 1774 1652 1810 tyranni.

1258 1809 1392 1877 Lgudem.
1433 1810 1498 1841 Ter.
1509 1811 1579 1841 Eun.
1596 1822 1620 1848 ς.
1635 1822 1662 1848 4.
1677 1819 1701 1848 3.
1733 1811 1877 1848 Quantam
1901 1813 1927 1842 <Sc
1950 1822 2031 1850 quam
2045 1823 2136 1843 veram
2157 1813 2269 1843 laudem
2287 1815 2381 1852 capiet

1300 1858 1421 1878 armen0.

1260 1885 1384 1916 Laudem
1393 1895 1428 1916 ex
1439 1896 1467 1916 re
1476 1886 1575 1924 aliqua.
1616 1887 1674 1916 Cic.
1690 1897 1713 1916 1.
1728 1886 1785 1916 Off.
1798 1897 1842 1923 27.
1863 1887 1954 1917 Nostri
1972 1893 2064 1917 autem
2077 1889 2247 1924 magistratus
2266 1890 2383 1928 impera-

1280 1924 1405 1962 toresque
1415 1934 1449 1953 ex
1457 1924 1511 1954 hac
1520 1935 1574 1954 una
1586 1934 1616 1954 re
1624 1925 1773 1954 maximam
1785 1925 1896 1955 laudem
1909 1935 2009 1964 capere
2020 1925 2174 1957 studebant

1259 1961 1394 1999 Legatum
1406 1972 1514 2000 capere.
1536 1963 1633 1998 juven.
1644 1973 1668 1997 9.
1686 1964 1739 1992 Sat.
1756 1968 1800 1997 88.

1258 1999 1366 2029 Locum
1381 2001 1468 2030 oculis
1477 2010 1584 2038 capere.
1608 2001 1678 2038 Virg.
1692 2010 1717 2030 2.
1730 2000 1830 2037 Georg.
1845 2009 1908 2033 220.
1932 2001 1950 2030 i.
1965 2011 1988 2031 e.
2012 2001 2129 2038 Eligere.
2153 2002 2271 2031 Servius.

1260 2037 1342 2067 Loca.
1365 2039 1382 2067 i.
1394 2048 1418 2067 e.
1441 2038 1597 2075 Occupare.
1621 2038 1685 2067 Caes.
1703 2048 1726 2075 3.
1741 2038 1808 2068 Bell.
1825 2038 1894 2068 Gall.
1906 2047 1950 2074 23.
1972 2039 1994 2068 li
2007 2039 2207 2069 consuetudine
2223 2044 2285 2078 vop.
2299 2039 2380 2070 Rom.

1279 2076 1340 2105 loca
1354 2086 1468 2114 capere,
1490 2076 1572 2106 castra
1582 2077 1693 2106 munire
1705 2099 1713 2112 ,
1735 2077 1938 2106 commeatibus
1961 2077 2068 2107 nostros
2082 2078 2230 2107 excludere
2249 2079 2382 2107 insistunt.

1279 2114 1338 2143 Cic.
1348 2124 1374 2143 2.
1390 2114 1425 2143 de
1436 2114 1514 2143 Orat.
1527 2124 1588 2150 294.
1614 2115 1677 2143 Non
1688 2114 1813 2151 fugiendi
1825 2114 1908 2144 hostis
1922 2136 1930 2148 ,
1951 2114 1998 2143 sed
2013 2116 2143 2153 capiendi
2160 2116 2312 2151 lucicauszi,
2331 2116 2386 2145 ces-

1278 2151 1337 2180 sisse
1352 2153 1454 2181 videar.
1497 2153 1511 2187 [
1523 2153 1561 2181 An
1575 2152 1644 2181 hosti
1657 2153 1670 2180 ἶ)
1698 2158 1728 2181 ut
1740 2152 1771 2181 sit
1782 2152 1857 2182 Hosti
1875 2152 1987 2182 cessisse.

1260 2189 1448 2233 Luctus-cepit
1459 2191 1609 2233 civitatem.
1649 2189 1707 2219 Liv.
1722 2199 1767 2225 ας.
1780 2199 1824 2220 22.
1835 2200 1873 2228 pr.
1899 2191 2001 2228 Ingens
2011 2191 2125 2227 quidem
2144 2188 2170 2220 ἃ
2187 2191 2277 2220 lucius
2296 2192 2322 2221 ἃ
2339 2201 2386 2229 pa-

1281 2237 1329 2256 vor
1343 2234 1488 2257 civfftatem
1503 2237 1587 2264 cepit.

1258 2265 1381 2295 Tamusia
1392 2267 1467 2303 cepit
1478 2266 1630 2303 praefecstos.
1673 2264 1728 2294 Liv.
1742 2268 1786 2301 36.
1807 2275 1849 2295 11.
1880 2265 1985 2296 Eadem
2007 2275 2107 2296 omnes
2124 2266 2269 2305 proefec'tos
2284 2269 2384 2305 regios,

1281 2304 1328 2341 qui
1344 2304 1448 2341 ubique
1467 2305 1518 2333 διο.
1541 2302 1741 2341 cepitluxuiia.

1261 2340 1432 2377 Magistrum.
1456 2349 1485 2371 ut
1501 2363 1508 2376 ,
1530 2341 1605 2371 Tum
1625 2341 1704 2378 siquis
1727 2341 1885 2378 magistrum
1903 2342 1981 2379 cepit
1999 2342 2034 2371 ad
2057 2351 2117 2371 eam
2136 2352 2193 2371 rem
2214 2343 2383 2381 improbum.

1281 2379 1346 2409 Ter.
1366 2379 1434 2409 And.
1452 2389 1475 2409 1.
1489 2389 1514 2409 2.
1529 2389 1573 2409 21.

1260 2417 1468 2454 magistratum,
1490 2418 1509 2446 i.
1531 2428 1554 2447 e.
1580 2416 1710 2454 Adipisci.
1749 2416 1808 2445 Cic.
1822 2426 1871 2454 pro
1883 2416 1954 2454 Lege
1966 2417 2119 2446 Manisoz.
2144 2418 2220 2454 Quid
2235 2418 2389 2452 ramsmstu-

1279 2456 1337 2485 lare
1351 2477 1358 2490 ,
1380 2465 1461 2492 quam
1483 2461 1514 2485 ut
1528 2465 1563 2485 ex
1575 2454 1809 2484 senatusconsulto
1832 2454 1941 2491 legibus
1958 2455 2064 2484 solutus
2084 2456 2186 2485 Consul
2208 2466 2271 2485 anre
2288 2457 2361 2485 nesci
2377 2479 2385 2492 ,

1280 2502 1364 2530 quam
1376 2493 1464 2522 ullum
1475 2493 1559 2522 alium
1570 2493 1755 2530 magistratum
1767 2492 1900 2530 perleges
1911 2502 2011 2530 capere
2025 2493 2143 2523 licuisset
2155 2495 2167 2523 ?
2186 2495 2260 2524 conf.
2283 2495 2386 2524 Consu-

1280 2531 1369 2560 latum
1381 2553 1389 2565 ,
1412 2531 1605 2561 Pontificatum
1621 2532 1673 2560 dcc.

1261 2569 1487 2606 Magnitudinem
1500 2569 1654 2598 mensarum
1666 2578 1723 2597 non
1735 2568 1810 2605 capit
1819 2567 1958 2598 bruscum.
1996 2567 2064 2597 Plin.
2078 2569 2126 2598 lib.
2152 2572 2191 2598 16.
2207 2579 2266 2607 cap.
2285 2574 2325 2600 16.
2355 2570 2388 2600 Et

1279 2607 1298 2636 ii
1309 2607 1530 2644 magnitudinem
1543 2606 1696 2636 mensarum
1707 2612 1826 2643 caperet,
1848 2606 1921 2635 liaud
1933 2605 2019 2635 dubie
2029 2607 2202 2643 praeferretur
2214 2608 2305 2637 cedro.
2332 2608 2347 2637 ἑ,
2360 2620 2385 2637 e.

1281 2645 1309 2674 Si
1319 2652 1375 2674 tam
1389 2654 1520 2681 magnum
1531 2645 1597 2674 esset
1614 2644 1721 2681 lignum
1733 2665 1741 2680 ,
1764 2650 1795 2673 ut
1808 2653 1843 2673 ex
1856 2654 1889 2672 eo
1898 2644 1956 2673 fieri
1965 2645 2074 2681 pollent
2085 2646 2193 2674 menne.

1261 2683 1462 2713 Maturitatern.
1504 2681 1641 2712 Columel.
1653 2681 1698 2710 lib.
1715 2692 1740 2717 4.
1754 2691 1813 2719 cap.
1829 2691 1871 2717 13.
1894 2683 1989 2718 Quum
2002 2690 2095 2711 tamen
2108 2685 2314 2719 mquinoff'cialcs
2326 2684 2386 2721 plu-

1280 2722 1331 2750 'viae
1343 2719 1544 2758 praecesserint,
1567 2720 1738 2750 &sarmenta
1751 2720 1846 2754 iustam
1862 2721 2050 2749 maturitatem
2070 2722 2203 2758 ceperint.
2238 2723 2264 2752 h.
2280 2734 2304 2752 e.
2326 2722 2386 2751 sila-

1280 2764 1340 2788 tura
1353 2758 1465 2788 fuerint.

1260 2796 1368 2827 Mente.
1409 2796 1466 2825 Liv.
1480 2805 1524 2833 27.
1537 2803 1579 2831 50.
1609 2795 1643 2825 Et
1654 2794 1745 2833 primo
1757 2795 1845 2833 magis
1861 2795 1991 2830 auribus,
2014 2806 2095 2833 quam
2118 2797 2217 2825 animis
2237 2795 2264 2823 id
2285 2805 2385 2833 accep-

1279 2841 1340 2864 tum
1361 2841 1438 2869 erat,
1460 2840 1491 2863 ut
1514 2835 1605 2871 majus
1626 2833 1766 2870 laetiusque
1779 2855 1786 2868 ,
1809 2843 1892 2870 quam
1916 2835 1992 2871 quod
2009 2842 2104 2864 meiite
2119 2845 2233 2872 capt-re,
2255 2841 2301 2863 atu:
2322 2835 2385 2864 satis

1280 2872 1394 2902 credere
1433 2871 1531 2901 ossent.
1589 2872 1606 2901 i.
1618 2881 1643 2901 e.
1665 2871 1920 2908 Comprehendere.

1260 2909 1380 2941 metum.
1443 2911 1478 2939 iv.
1493 2919 1516 2946 3.
1528 2909 1597 2938 Bell.
1611 2909 1723 2939 Maced.
1744 2909 1776 2938 Id
1788 2919 1858 2946 aegre
1868 2911 1892 2938 ἃ
1904 2910 1934 2938 in
1946 2909 2090 2947 prazsentia
2101 2909 2128 2938 hi
2142 2908 2207 2947 palii
2217 2931 2224 2943 ‚
2250 2911 2275 2938 ἇς
2294 2910 2321 2938 in
2343 2910 2385 2939 fii-

1277 2951 1371 2978 iuru'm
1383 2948 1466 2977 etiam
1476 2954 1581 2976 metum
1593 2953 1749 2985 ceperunt..
1768 2947 1786 2976 i.
1805 2957 1831 2977 e.
1858 2946 1999 2985 Ceperunt
2008 2948 2106 2976 timere
2118 2948 2146 2976 in
2157 2947 2287 2976 loturum.

1259 2986 1420 3020 miseriam,
1442 2986 1488 3015 cui
1500 2985 1584 3014 Potiri
1594 2985 1695 3022 gaudia
1714 2985 1876 3023 opponitur.
1915 2985 1979 3014 Ter.
1997 2986 2073 3015 Adel.
2090 2995 2112 3021 5.
2126 2997 2152 3021 4.
2166 2994 2210 3014 22.
2242 2984 2383 3015 miseriam

1280 3033 1394 3053 omnem
1403 3033 1453 3061 ego
1462 3024 1543 3061 capio
1555 3045 1563 3058 ,
1583 3023 1630 3052 hic
1642 3023 1747 3060 potitur
1756 3023 1864 3060 gaudia.

1259 3059 1492 3128 Miserlicordiam.
1530 3060 1592 3090 Cic.
1605 3071 1656 3099 pro
1668 3060 1767 3097 Quint.
1782 3069 1826 3098 97.
1858 3060 1894 3090 Ut
1907 3060 2057 3098 aliquando
2076 3059 2245 3090 misericordi
2258 3070 2290 3088 im
2303 3070 2384 3099 cape-

1279 3107 1363 3129 retai
1383 3109 1456 3128 uam.

1259 3109 2048 3174 Moderatilminaovid.3.Met.644.lnteiiigitGubemaculi
2058 3136 2237 3165 moderamen
2246 3135 2381 3166 hocloco.

1259 3172 1390 3205 Modum.
1432 3175 1518 3204 Plaut.
1530 3174 1589 3204 Aul.
1607 3184 1631 3210 3.
1647 3185 1670 3210 5.
1687 3184 1727 3210 14.

1354 3213 1453 3250 Neque
1467 3213 1512 3242 lex
1524 3235 1532 3248 ,
1554 3222 1646 3249 neque
1660 3219 1735 3241 tutor
1755 3221 1855 3249 capere
1871 3211 1908 3240 est
1926 3211 1972 3248 qui
1990 3210 2072 3248 possit
2083 3211 2207 3240 modum.

1259 3250 1383 3280 Mortem
1393 3251 1429 3279 ob
1445 3261 1533 3288 remp.
1575 3251 1633 3279 Cic.
1650 3251 1747 3286 Anteq.
1760 3252 1811 3279 iret
1822 3250 1850 3278 in
1862 3249 1926 3278 exii.
1942 3259 1986 3284 23.
2010 3249 2107 3285 Neque
2124 3250 2200 3278 enim
2219 3258 2291 3278 mors
2304 3249 2383 3278 inise-

1279 3289 1364 3317 randa
1376 3289 1434 3324 est,
1457 3298 1517 3326 qeae
1525 3288 1564 3317 ob
1576 3288 1674 3324 Remp.
1688 3289 1803 3325 capitur.

1259 3327 1374 3356 Nomen
1383 3336 1418 3355 ex
1436 3328 1464 3355 r'e
1475 3326 1574 3364 aliqua.
1597 3326 1663 3355 Caes.
1676 3336 1700 3355 1.
1713 3325 1779 3354 Bell.
1792 3324 1860 3354 Gall.
1878 3334 1920 3358 ις.
1943 3323 2011 3352 Utis
2021 3323 2108 3358 locus,
2130 3324 2381 3360 >ubicorislitisl'ent,

1281 3374 1316 3393 ex
1329 3364 1486 3394 calamitate
1494 3374 1561 3402 pop.
1576 3363 1656 3393 Rom.
1669 3365 1694 3393 δι
1711 3362 1907 3392 internecione
1919 3362 2057 3390 exercitus
2069 3370 2171 3391 nomen
2182 3371 2302 3400 caperet.
2325 3365 2342 3392 i.
2355 3374 2380 3392 c.

1278 3402 1513 3432 Denomiuaretur
1532 3403 1606 3431 inde.

1259 3439 1379 3470 Noxam.
1403 3439 1540 3469 Columel.
1552 3440 1600 3468 lib.
1615 3448 1727 3476 rr.cap.
1745 3447 1769 3466 1.

1260 3477 1452 3507 Oblivionem.
1492 3477 1560 3506 l'lin.
1574 3477 1620 3505 lib.
1634 3486 1657 3513 7.
1669 3486 1729 3513 eap.
1742 3484 1786 3510 24.
1809 3474 1849 3503 Ex
1862 3474 1972 3511 praealto
1986 3476 2060 3504 tecto
2073 3474 2162 3514 lapsus
2175 3498 2183 3512 ,
2203 3478 2299 3507 matris
2310 3479 2335 3508 ἃ
2345 3478 2383 3507 af-

1279 3515 1377 3545 finium
1387 3537 1394 3550 ,
1416 3516 1693 3553 propinquorumque
1701 3513 1779 3550 cepit
1790 3512 1971 3542 oblivione-m.

1260 3553 1373 3583 Oblivia
1383 3554 1466 3582 nostri
1476 3562 1503 3582 te
1515 3560 1656 3590 ceperunt.
1678 3551 1760 3580 Ovid.
1776 3560 1797 3578 1.
1816 3550 1895 3579 Triil.
1908 3556 1933 3583 g.
1952 3560 1993 3579 rr.

1260 3591 1376 3621 Oblivio
1386 3593 1461 3629 cepit
1474 3590 1582 3620 animos
1593 3599 1689 3618 eorum
1702 3611 1709 3623 ,
1730 3587 1775 3616 vel
1785 3589 1906 3625 peoora.
1928 3587 1986 3618 Liv.
2001 3597 2027 3625 7.
2043 3588 2110 3618 Bell.
2124 3589 2192 3620 Pun.

1259 3629 1369 3659 Odium
1379 3629 1504 3664 alicujus.
1545 3627 1609 3656 Ter.
1624 3627 1691 3656 Hec.
1703 3636 1728 3655 2.
1746 3635 1823 3654 r.22.

1339 3667 1510 3704 jampridem
1522 3664 1651 3701 equi-deni
1663 3664 1755 3693 audivi
1769 3662 1872 3700 cepisse
1884 3662 1981 3692 odium
1991 3664 2032 3692 tui
2044 3663 2246 3696 Philumenam.

1261 3705 1386 3736 Odorem
1397 3705 1475 3734 suum
1484 3702 1580 3732 rursus.
1591 3701 1658 3731 Plio.
1665 3701 1712 3730 lib.
1720 3711 1730 3730 1
1738 3709 1748 3737 3
1756 3710 1826 3738 .cap.
1833 3712 1841 3730 1
1849 3723 1856 3730 .
1865 3700 1966 3730 Rursus
1975 3701 2166 3739 refrigeratum
2177 3706 2293 3735 odorem
2302 3705 2382 3736 suum

1278 3754 1309 3773 ca
1332 3750 1362 3772 it.

1258 3754 1393 3811 Offiffidium
1403 3777 1501 3816 populi
1512 3777 1558 3807 vix
1568 3776 1644 3814 capit
1657 3775 1926 3811 domus.Ovid.4.de
1937 3776 2094 3813 Pon't.4.42.
2114 3779 2131 3807 i.
2142 3788 2167 3808 e.
2183 3778 2232 3808 Vix
2245 3781 2380 3811 continet.

1258 3820 1361 3848 Omen.
1402 3816 1460 3846 Cic.
1475 3825 1498 3845 1.
1514 3815 1550 3843 de
1561 3815 1653 3844 Divin.
1667 3824 1728 3849 ³04-
1760 3814 1850 3844 Exisse
1867 3816 1895 3843 in
1913 3815 2055 3851 quoddam
2073 3816 2203 3846 sacellum
2220 3819 2321 3847 ominis
2340 3829 2384 3848 ca-

1281 3855 1379 3894 piendi
1390 3854 1477 3883 causa.
1531 3890 1537 3895 .

1261 3893 1438 3929 Opinionem
1447 3891 1562 3920 virtutis.

1280 3933 1349 3960 dum
1360 3928 1626 3958 eandemvetustatis
1640 3929 1665 3957 ἃ
1675 3928 1783 3956 virtutis
1794 3929 2090 3965 ceper..t‹›pinionein.
2112 3930 2175 3958 Scis.
2196 3932 2288 3967 Legio.

1263 3968 1388 4007 Oppida.
1426 3966 1485 3996 Cic.
1497 3977 1520 4002 5.
1538 3966 1612 3995 Fam.
1630 3975 1672 3995 10.
1694 3966 1748 3995 Sex
1759 3966 2099 4032 opjiiliia*vhi‹›ppugnantlo
2111 3968 2181 4005 cepi.
2299 4004 2316 4033 Ρ
2336 4003 2352 4032 H

1850 4006 1864 4031 lt
2319 4015 2333 4033 a
2357 4013 2385 4032 0-

1605 3889 1670 3918 Caes.
1686 3895 1710 3923 8.
1731 3888 1800 3918 Bell.
1813 3889 1883 3920 Gall.
1899 3895 1925 3923 8-
1959 3889 2116 3920 Collatinne
2135 3891 2302 3928 reliquarum
2314 3903 2385 3921 non-
