2600 4177
461 131 489 164 C
586 129 614 163 L
709 130 735 165 A

93 206 187 241 Cladis
198 212 283 248 origo.
295 211 388 243 Ovis.
405 220 428 239 2.
441 210 475 239 de
490 209 565 239 Pont.
584 218 606 246 3.
619 212 664 245 ⁶5·

93 249 219 278 Turbine
231 250 300 278 saevo
317 249 460 278 venientes
473 247 573 276 clades.
595 247 643 276 Sil.
661 247 708 277 lib.
727 257 749 277 1.
767 256 812 283 4r.

187 286 313 315 Turbine
327 296 392 314 mox
403 285 471 314 szcvo
483 285 642 314 venientum
654 285 730 314 haud
745 285 828 315 inscia
838 283 958 316 cladum.

93 322 193 351 Clades
202 324 306 352 dextrae
315 332 419 351 manus.
457 322 513 351 Liv.
525 332 551 351 2.
568 332 577 350 1
586 332 609 356 3.
630 322 753 352 Mutium
762 323 902 353 dimiu'um
914 346 922 358 ,
942 324 986 353 cui
998 326 1091 364 postea
1102 325 1208 356 Scaevou

113 360 145 388 1oe
156 382 164 393 .
186 369 200 388 a
215 360 294 389 clade
306 360 407 388 dexrrae
419 369 516 388 manus
529 382 536 394 ,
559 367 777 396 cognomentum
791 362 912 391 inditum
924 385 931 397 ,
943 366 994 393 διο.

94 396 185 434 Libys-2:
196 398 288 427 clades
298 419 306 433 ,
327 397 471 434 Scipiones
482 404 614 426 vocantur
626 397 742 435 figurate
752 421 760 435 ,
781 407 812 429 ut
825 398 935 431 cladem
945 401 1074 432 ferentes.
1094 400 1166 438 Virg.
1179 404 1206 431 6.

110 435 172 464 AEn.
191 440 255 470 842.

363 487 401 492 —
411 472 467 500 duo
482 472 598 501 fulmina
610 472 677 502 belli

184 509 342 546 Scipiadas,
364 509 472 538 cladem
489 509 589 547 Libyae.

94 546 176 585 Asper
186 546 320 576 cladibus.
342 547 426 576 Ovid.
444 558 485 582 ¹4·
504 547 573 577 Nlet.
586 553 650 583 485.
673 548 714 578 De
728 549 870 585 Agmone,

185 584 317 613 Fervidus
328 585 441 622 ingenio
450 607 458 619 ‚
478 591 538 614 tum
551 596 616 616 vero
631 588 656 616 ἃ
665 586 791 617 cladibus
802 587 889 625 asper.

93 621 191 659 Aspera
202 622 303 651 clades.
324 623 388 651 Sen.
400 622 515 660 Hippoi.
528 633 569 654 ιο.

93 659 257 689 Exitiabilis.
280 659 378 689 Patere.
389 659 437 689 lib.
450 669 474 690 2.
490 671 550 692 112.
571 661 644 692 Pene
658 661 828 691 exitiabilem
843 663 973 694 omnibus
984 663 1205 695 clademintulit.

93 697 217 727 Funesta.
239 698 303 726 Sen.
323 697 434 735 Thyest.
456 708 480 731 3.

91 734 252 772 lmportuna
263 735 390 765 civitatis.
431 736 490 765 Cic.
505 737 539 765 de
552 736 622 765 Clar.
636 736 713 765 Orat.
732 745 794 773 33²·
815 736 931 767 Cursum
947 739 1052 777 ingenii
1063 740 1121 777 tui,
1142 741 1209 771 Bru-

92 780 156 840 Ntel,
178 772 350 840 prgmitshxtc
360 774 516 840 fflipjrtuna
526 774 618 804 clades
629 775 757 804 civitatis.

128 820 132 838 ι
148 819 210 838 eran
234 820 257 839 a.
299 820 342 839 en.
392 822 436 840 ε’.
468 834 474 840 ,

91 845 200 877 Recens
214 848 307 877 clades
317 849 384 878 exiit
397 859 411 878 a
423 823 544 887 pa⁴rtibus
558 848 665 879 iisdem.
687 848 785 880 Claud.
801 861 823 880 1.
838 850 868 879 in
879 850 993 890 Eutrop.
1005 860 1069 889 412.

91 885 173 914 Saeva.
196 886 259 915 Sen.
275 886 355 916 Herc.
367 888 417 915 sur.
432 897 473 923 ¹3·

91 923 196 952 Subita.
218 924 301 953 Ovid.
320 935 342 959 ς.
357 924 436 954 Trist.
449 937 475 960 4.
491 933 533 961 33.

91 960 196 991 Tristis.
218 961 284 990 Hor.
300 971 324 996 3.
345 962 432 991 Carni.
442 972 465 999 3.
478 968 523 992 62.

90 999 154 1029 Acci
166 1008 223 1028 )ere
234 999 352 1029 cladem.
390 1000 447 1030 Liv.
463 1010 487 1037 3.
501 1002 545 1030 26.
559 1009 599 1038 pr.
621 999 696 1029 Nam
707 1009 793 1037 quum
804 999 878 1031 haud
888 1003 986 1039 procul
995 1002 1029 1032 ab
1039 1002 1115 1033 hoste
1123 1003 1208 1034 castra

109 1046 146 1074 po
160 1036 256 1072 uisset,
276 1037 353 1066 nulla
369 1048 468 1075 magna
480 1038 559 1068 clade
574 1045 688 1076 accepta
703 1039 793 1068 castris
806 1038 832 1068 se
848 1040 967 1077 pavidus
987 1041 1110 1071 tenebat.
1136 1043 1208 1073 Item

109 1074 185 1103 Curt.
219 1096 225 1103 .
241 1084 282 1103 12.

90 1086 332 1149 Afferreinagnam
343 1112 451 1142 cladem
464 1113 579 1151 populo.
602 1112 660 1143 Cic.
672 1114 708 1143 de
723 1113 786 1144 Nat.
798 1113 882 1144 Deor.
896 1115 944 1146 lib.
959 1125 986 1147 2,
1001 1121 1027 1152 8.

90 1149 262 1179 Contrahcre
272 1150 389 1180 cladem.
411 1150 469 1180 Liv.
482 1161 527 1187 25.
546 1161 588 1187 19.

90 1187 172 1218 Dare.
192 1187 289 1218 Claud.
302 1198 326 1225 3.
337 1189 371 1218 de
382 1188 463 1226 Rapt.
473 1189 563 1219 Proser
586 1212 592 1218 .
607 1197 670 1226 197.

283 1243 321 1247 —-
329 1228 400 1256 acies
409 1227 517 1256 utinam
526 1237 559 1257 ve
572 1237 624 1257 ana
633 1228 777 1264 gigantum

181 1262 262 1293 Hanc
272 1263 381 1293 dederit
393 1265 512 1294 clad...1.
931 1300 933 1303 ⁸

29 1303 31 1332 ζ
89 1299 189 1331 Delere
201 1302 350 1338 opprobria
360 1310 483 1331 veterum
491 1301 606 1332 cladum
616 1324 624 1338 ‚
646 1302 770 1333 Gloriam
785 1303 911 1334 cladibus
928 1304 1114 1343 superioribus
1132 1306 1211 1337 amis-

106 1337 163 1368 sam
177 1347 346 1376 recuperare.
369 1339 416 1369 Sil.
431 1339 478 1369 lib.
494 1344 535 1370 16.
545 1345 609 1376 671.

181 1376 225 1406 Ne
237 1387 302 1406 vero
316 1377 447 1407 fabricate
458 1387 549 1408 moras
561 1400 570 1413 ‚
592 1378 638 1407 sed
649 1388 756 1408 currere
768 1378 870 1409 sortem

182 1414 263 1444 Hanc
277 1415 355 1445 sinite
367 1438 375 1451 ,
396 1416 431 1445 ad
446 1422 570 1446 veterum
582 1415 701 1446 delenda
712 1418 862 1455 opprobria
871 1417 991 1449 cladum.

90 1448 218 1482 Derivata
227 1453 321 1483 clades
334 1454 413 1483 sonte
422 1453 525 1491 aliquo.
547 1454 615 1484 Hor.
628 1463 653 1491 3.
664 1454 753 1484 Carm.
769 1458 794 1485 6.
809 1465 852 1492 19.

89 1487 221 1559 Βιίζνίὲεῐε
231 1490 339 1521 cladem
351 1492 379 1520 in
394 1491 508 1528 orbem,
529 1493 548 1522 i.
560 1502 585 1522 e.
606 1493 741 1534 Spargere
751 1493 781 1522 in
792 1500 884 1524 totum
893 1493 1000 1525 orbem.
1021 1494 1119 1526 Claud.
1132 1504 1159 1527 2.
1179 1495 1210 1525 in

135 1539 151 1558 u
177 1551 182 1557 .
196 1538 241 1564 25.

181 1566 349 1604 Laxavitque
363 1567 437 1597 viam
448 1567 538 1603 bellis,
559 1569 586 1598 &
597 1577 632 1597 ne
642 1575 696 1605 qua
708 1574 832 1599 maneret

182 1605 315 1634 immunis
325 1606 401 1642 regio
413 1627 421 1641 ,
442 1606 553 1635 cladem
561 1606 651 1635 divisit
661 1607 690 1635 in
700 1607 807 1637 orbem.

89 1641 204 1673 Efficere
215 1641 324 1672 cladem
334 1643 461 1679 aliquam.
483 1644 592 1674 Lucret.
604 1643 652 1674 lib.
670 1655 694 1680 5.
708 1655 753 1680 49.

182 1681 426 1719 Quidvesuperbia
438 1703 446 1716 ,
468 1681 617 1720 spurcitia,
637 1691 669 1712 ac
680 1682 853 1721 petulantia,
873 1689 988 1722 quantas

180 1718 312 1749 Efficiunt
325 1719 418 1749 clades
427 1721 440 1748 ?

34 1787 35 1796 ¹
89 1754 216 1795 Erumpit
225 1757 316 1787 clades
326 1758 355 1786 in
368 1757 499 1794 aliquem.
522 1758 605 1788 Ovid.
614 1765 640 1795 7.
660 1757 728 1787 Met.
741 1761 803 1795 561.

282 1810 320 1817 ·——
329 1796 414 1833 inque
426 1795 497 1834 ipsos
509 1793 576 1825 saeva
586 1795 732 1825 medentes

181 1832 308 1871 Erumpit
318 1833 410 1863 clades
420 1855 428 1870 ,
449 1833 606 1871 obsuntque
615 1835 774 1864 auctoribus
784 1839 864 1867 artes.

108 1871 136 1901 ἃ
146 1872 275 1908 contagia
286 1878 376 1901 vocat.

87 1908 205 1945 Exigere
217 1910 317 1940 clades.
338 1909 440 1939 Lucan.
454 1909 502 1939 lib.
516 1914 541 1944 8.
557 1916 622 1947 703.

88 1947 190 1977 Facere
204 1946 313 1977 cladem
325 1957 463 1983 magnam.
485 1947 590 1978 Sallust.
604 1949 633 1977 in
644 1947 770 1987 Jugurth.
782 1957 842 1986 cap.
858 1958 900 1986 59.
912 1955 982 1980 extr.

87 1984 221 2022 Imponat
231 1985 323 2015 clades
335 1986 472 2015 discordia
479 1985 578 2015 civilis.
619 1986 650 2016 V.
673 1997 683 2015 1
691 1997 713 2015 M
722 1997 736 2015 r·
745 1996 762 2015 o
771 1995 787 2015 ιι
796 1995 816 2015 T
824 1996 851 2017 ο.

88 2023 242 2060 importare
253 2023 360 2053 cladem
371 2023 495 2061 periculi.
516 2023 623 2054 Lucret.
633 2023 682 2055 lib.
697 2033 722 2061 3.
734 2030 799 2060 825.

88 2060 192 2091 inferre
204 2061 321 2091 cladem.
342 2061 401 2091 Liv.
415 2071 460 2097 29.
474 2070 498 2098 3.

89 2098 199 2129 Levare.
221 2098 305 2129 Ovid.
318 2109 344 2129 2.
361 2100 430 2129 Met.
442 2105 506 2134 281.

89 2137 224 2167 Metuere.
247 2137 330 2167 Ovid.
346 2149 370 2174 ς,
387 2139 526 2173 Meus-8.

87 2174 351 2205 Metuendaclades.
371 2176 469 2205 Claud.
481 2185 506 2205 a..
518 2176 548 2204 in
564 2175 678 2214 Eutrop.
692 2183 755 2213 304.

87 2212 200 2243 Minari.
223 2213 322 2243 Lucan.
337 2213 386 2243 lib.
400 2224 424 2249 3.
440 2217 483 2249 36.

89 2250 178 2280 Obrui
190 2251 277 2280 clade.
299 2251 363 2281 Sen.
378 2252 454 2281 Med.
464 2262 490 2286 4·
514 2252 648 2288 Quamvis
661 2253 739 2282 enim
749 2252 800 2282 lint
810 2252 889 2283 clade
899 2252 1051 2285 miseranda
1060 2253 1168 2286 obruta.
1188 2284 1193 2287 ,

90 2288 218 2318 Obseffus
228 2288 361 2319 cladibus.
383 2290 448 2319 Sen.
462 2289 565 2319 Troad.
577 2300 602 2319 v.
615 2296 680 2326 988·

181 2327 264 2356 Nunc
276 2329 348 2356 victa
358 2350 365 2363 ‚
387 2337 462 2356 nunc
474 2329 582 2366 captiva
592 2350 600 2365 ,
622 2338 697 2358 nunc
708 2329 816 2358 cunetis
824 2329 893 2359 mihi

89 2396 101 2400 ⁷,
181 2365 293 2394 Obsessa
305 2366 400 2395 videor
411 2366 546 2396 cladibus.

89 2401 159 2433 Pasci
170 2403 294 2432 cladibus
307 2403 431 2439 alicujus.
453 2404 538 2433 Ovid.
556 2413 580 2439 9.
598 2403 666 2433 Mer.
680 2407 740 2441 176.

181 2441 312 2470 Cladibus
322 2464 329 2476 ,
350 2442 488 2480 exclamat
497 2464 505 2475 ,
527 2442 654 2471 Saturnia
664 2442 773 2480 pascere
782 2442 879 2472 nostris
892 2464 900 2478 ‚

109 2511 112 2514 ,
181 2478 305 2513 Pascere,
327 2481 353 2509 δι
368 2480 439 2508 hanc
454 2480 556 2517 pestem
568 2480 658 2517 specta
673 2481 794 2510 crudelis
811 2481 845 2511 ab
857 2480 923 2511 alto.

107 2515 252 2553 Ingentem
263 2517 389 2546 dolorem
401 2519 427 2546 St
436 2524 607 2547 tormentum
618 2527 652 2546 ex
660 2518 744 2556 peste.

43 2555 45 2583 1
88 2553 164 2584 Piare
175 2555 279 2590 clades,
296 2555 336 2585 De
344 2555 470 2585 cladibus
480 2555 533 2584 sese
545 2564 670 2593 purgare,
679 2556 824 2594 &placare
832 2556 909 2588 deos.
930 2556 1054 2596 Propert.
1065 2557 1205 2596 lib.3.4.9.

44 2622 45 2625 Ἴ
89 2590 217 2621 Reddere
232 2592 351 2622 cladem.
374 2593 430 2623 Liv.
444 2594 479 2622 de
490 2592 557 2623 Bell.
573 2594 639 2623 Pun.

90 2625 219 2668 Repetita
229 2631 329 2660 clades.
354 2631 450 2660 Claud.
463 2632 497 2660 de
506 2629 574 2661 Bell.
587 2632 648 2661 Get.
660 2638 725 2667 284.

946 1833 1063 1867 Cladem
1073 1856 1082 1874 ‚
1103 1836 1207 1868 Pestem

1008 2481 1108 2512 Clades
1125 2488 1207 2513 vocat

43 2667 47 2709 ἲ
90 2668 214 2698 Turbarc
229 2668 318 2698 hostes
333 2669 421 2699 subita
432 2670 521 2699 clade.
542 2670 612 2707 Virg.
627 2679 668 2699 η.
682 2670 744 2699 AEn.
759 2672 822 2706 556.

43 2711 48 2739 l
169 2707 223 2736 lret
234 2714 264 2735 ut
275 2708 308 2736 ad
321 2714 413 2737 muros
425 2730 432 2741 ,
455 2708 570 2745 urbique
584 2708 740 2737 adverteret
750 2717 850 2745 agmen

170 2744 258 2774 Ocius
267 2767 275 2778 ,
297 2746 323 2774 ἃ
334 2745 421 2774 subita
437 2746 558 2775 turbaret
568 2745 648 2775 clade
660 2743 780 2775 Latinos.

57 2782 79 2813 C
88 2793 133 2812 ωε
142 2792 159 2811 o
169 2792 189 2811 N
200 2804 209 2817 ,
232 2783 373 2818 [Rhoda-av]
396 2783 466 2813 Fons
477 2785 503 2812 iu
516 2784 630 2821 Phrygia
641 2805 647 2817 ,
667 2784 778 2812 dicente
795 2782 862 2813 Plin.
876 2782 924 2813 lib.
938 2790 980 2820 31.
995 2794 1056 2823 cap.
1065 2792 1091 2814 2.
1113 2784 1209 2817 Theo.

92 2821 212 2859 pnrastus
221 2821 273 2849 ait:
296 2821 401 2851 Mariiae
412 2822 518 2851 sontem
530 2822 560 2850 in
573 2822 686 2859 Phrygia
699 2821 733 2850 ad
744 2820 917 2851 Celaenarum
928 2823 1066 2860 oppidum
1077 2823 1138 2853 saxa
1146 2835 1210 2862 ege.

47 2868 50 2886 ι
92 2868 158 2888 rere.
199 2859 264 2888 Non
275 2857 416 2896 proculab
436 2869 470 2889 co
489 2860 545 2889 duo
563 2859 625 2889 sunt
636 2860 745 2904 fontes,
769 2859 881 2895 Claeon,
903 2862 929 2889 ἃ
947 2860 1038 2890 Gelon
1054 2862 1088 2890 ab
1104 2862 1208 2893 effectu

48 2895 51 2937 l
90 2897 248 2926 Graecorum
256 2898 403 2926 nominum
414 2898 489 2928 dieti.
520 2898 539 2928 i.
551 2907 576 2927 e.
598 2909 672 2934 mu&
694 2910 719 2924 π
733 2897 826 2924 „zaim
840 2900 863 2936 ‚9
877 2899 952 2934 γελᾷ.
967 2920 976 2934 ‚
996 2907 1057 2936 quae
1071 2900 1154 2930 verba
1166 2901 1209 2932 lu.

91 2944 154 2972 gere
164 2937 190 2964 δι
201 2935 289 2964 ridere
300 2935 458 2973 ligniiicant.

50 2969 175 3008 {CLAAQ
195 2972 314 3009 Upim,
338 2972 439 3009 λάθρα]
468 2972 625 3011 Praepofitio
643 2972 762 3002 ablativo
779 2972 851 3002 casui
871 2973 1005 3009 serviens,
1039 2976 1066 3005 δι
1082 2984 1214 3006 nonnun-

111 3020 174 3040 uam
183 3010 354 3045 accusativo,
376 3011 508 3047 significat
517 3011 645 3042 Occulte.
668 3011 699 3040 V.
721 3017 815 3041 tamen
830 3010 996 3041 Priscianum
1004 3013 1085 3043 infra.

116 3048 169 3078 lum
185 3047 370 3090 ‚yClavibus
385 3050 508 3083 dietum,
530 3049 606 3087 quod
626 3049 669 3078 his
689 3059 749 3087 quae
769 3049 858 3079 celare
874 3049 1020 3086 volumus,
1041 3050 1207 3082 claudimus.

52 3091 53 3118 i
109 3086 169 3117 Fen
190 3096 210 3116 s.
233 3086 316 3116 Plaut.
329 3087 429 3124 Amph.
442 3087 513 3125 prol.
527 3097 553 3117 v.
566 3096 627 3123 107.

93 3158 98 3162 ⁴
162 3126 173 3154 s
182 3124 207 3154 ls
217 3134 308 3153 amare
319 3126 444 3163 occoepit
453 3123 633 3155 Alcumenam
649 3123 721 3154 clam
731 3125 799 3154 viro.
898 3125 984 3155 Gron.
1006 3125 1111 3157 Virum.

93 3161 170 3191 Clam
181 3172 225 3191 me
237 3185 245 3196 ,
266 3160 338 3192 clam
349 3170 377 3192 te
391 3163 437 3192 est.
479 3163 563 3192 Plaut.
577 3163 649 3193 Rud.
665 3173 688 3192 r.
700 3172 725 3192 2.
738 3173 783 3198 ⁴5·
805 3162 869 3192 Ter.
881 3162 981 3193 Heaut.
997 3173 1020 3193 ι.
1034 3173 1058 3194 1.
1069 3169 1116 3201 4⁶·
1141 3165 1210 3197 Haec

54 3202 55 3222 ³
111 3200 182 3230 clam
190 3210 235 3229 me
246 3201 348 3229 omnia.
375 3201 392 3230 i.
405 3211 430 3230 e.
453 3197 530 3230 Nihil
540 3196 660 3230 sciebam
672 3201 708 3231 de
721 3201 763 3231 his
775 3201 916 3231 omnibus.

92 3237 175 3267 Paulo
186 3238 259 3268 clam
269 3239 301 3267 iis
313 3248 372 3268 eam
386 3239 452 3268 vidi.
476 3239 534 3269 Cic.
549 3249 591 3274 ις.
605 3239 658 3268 Att.
673 3248 695 3268 r.

54 3273 56 3285 ¹
95 3275 189 3310 Clam,
216 3276 513 3309 accuszztivoiun‘ftum.
536 3276 620 3306 Plaut.
635 3276 723 3306 Casm.
739 3285 765 3306 2.
777 3282 859 3314 8.32.

184 3314 260 3344 Bona
275 3314 364 3343 multa
375 3315 475 3344 faciam
487 3315 559 3344 clam
570 3323 662 3344 meam
675 3324 800 3344 uxorem.

37 3349 40 3351 ’
56 3364 59 3384 ι
94 3350 171 3382 Clam
181 3352 249 3380 alter
259 3352 384 3381 alterum.
412 3352 496 3382 Plaut.
509 3352 596 3382 Cafin.
608 3352 679 3391 prol.
696 3357 738 3388 ξι.

57 3392 59 3410 ²
184 3390 243 3420 Sibi
255 3400 331 3420 nunc
343 3398 458 3427 uterque
468 3398 564 3420 contra
574 3390 700 3428 legiones
712 3394 790 3428 parat
802 3411 812 3426 ,

954 3292 992 3298 —
999 3282 1032 3307 ut
1038 3277 1108 3308 mihi

104 3458 105 3461 Ἴ
186 3428 278 3464 Pater,
298 3428 423 3465 filiusque
438 3428 510 3457 clam
525 3427 593 3462 altes
603 3428 730 3458 alterum.

95 3464 172 3495 Clam
184 3466 305 3503 aliquem
317 3466 420 3503 aliquid
437 3466 546 3496 habere.
567 3463 632 3496 Ter.
643 3466 711 3496 Hec.
723 3477 749 3502 4.
763 3475 789 3501 4.
805 3472 849 3502 35.

187 3503 251 3532 Non
263 3503 332 3533 clam
345 3514 389 3533 me
401 3504 514 3533 haberet
522 3513 581 3540 quae
592 3498 690 3533 celasse
699 3503 835 3541 intelligo.

114 3538 179 3569 Non
191 3541 330 3576 tacuisset,
351 3550 516 3579 partumque
530 3541 650 3571 celasset.

60 3596 63 3615 ,
96 3573 173 3644 mim
183 3585 231 3608 vos
238 3579 299 3646 smil}
310 3580 430 3610 facinora
439 3581 508 3616 ejus.
549 3579 608 3610 Cic.
620 3580 649 3608 in
659 3578 766 3610 Sallust.
777 3589 821 3616 15.
843 3577 960 3609 Timens
971 3586 1007 3609 ne
1017 3579 1143 3610 facinora
1152 3581 1214 3617 ejus

114 3625 130 3644 c
142 3626 185 3645 arn
195 3624 244 3646 vos
256 3627 271 3646 e
284 3623 351 3647 lent.

96 3651 138 3682 ne
150 3654 227 3683 Clam
241 3654 276 3683 fic
291 3656 375 3685 docet
387 3654 511 3685 Priscian.
526 3652 574 3684 lib.
589 3664 630 3690 ¹4·
653 3653 732 3684 Clam
743 3675 751 3689 ,
772 3651 859 3692 magis
876 3653 1039 3684 adverbium
1055 3656 1103 3691 est,
1124 3666 1211 3693 quum

62 3686 64 3704 l
114 3696 168 3720 nec
189 3690 306 3721 localem
325 3692 426 3722 habeat
444 3693 691 3730 significationem,
713 3701 795 3729 quam
813 3691 979 3730 plerumque
1002 3694 1211 3737 pr-aepoiitiones

113 3728 268 3796 possident:
301 3732 327 3760 ἃ
348 3731 507 3768 qualitatem
523 3731 711 3765 demonstret,

918 3499 974 3533 Ubi
984 3503 1111 3535 Donatus
1121 3510 1130 3542 ’ς
1152 3506 1171 3535 i.
1184 3514 1209 3536 e.

744 3739 804 3766 quae
825 3731 855 3759 in
874 3730 1012 3760 adverbiis
1031 3732 1149 3762 inveniri
1169 3732 1212 3762 so-

126 3773 170 3795 et:
193 3768 219 3796 e't
241 3768 424 3804 diminuatur,
444 3769 520 3805 quod
542 3768 618 3798 nulla
631 3767 788 3806 praeposrtio
810 3767 911 3803 habet,
931 3775 963 3798 ut
979 3767 1163 3799 Clanculum:
1184 3772 1211 3801 ἀ

115 3804 198 3841 possit
218 3806 301 3834 etiam
322 3806 420 3844 absque
434 3806 495 3836 casu
512 3807 646 3845 proferri,
667 3813 698 3834 ut
715 3805 792 3834 Bona
810 3815 825 3834 a
848 3811 905 3834 erte
925 3806 1010 3840 facit,
1030 3806 1102 3836 mala
1118 3814 1212 3839 autem

66 3851 67 3871 ς
115 3842 205 3871 clam:
236 3844 262 3872 Et
278 3844 351 3879 quod
374 3845 450 3881 apud
468 3844 579 3874 Graecos
596 3843 695 3881 absque
714 3841 769 3871 ulla
785 3843 821 3872 du
844 3844 959 3873 itatione
982 3844 1146 3874 adverbium
1164 3847 1211 3877 est.

115 3880 186 3909 nihil
204 3881 303 3909 mirum
323 3889 414 3910 tamen
432 3883 506 3918 quod
527 3888 704 3920 praeponatur
722 3880 816 3916 casui,
849 3890 935 3917 quum
956 3881 1042 3911 multa
1061 3883 1211 3920 adverbia,

67 3947 68 3952 ,
115 3918 142 3947 Rc
162 3919 284 3948 maxime
306 3918 424 3955 localia,
453 3921 479 3949 St
497 3921 573 3959 apud
598 3920 724 3954 Graecos,
746 3920 772 3949 &
798 3918 875 3957 apud
898 3928 951 3949 nos
979 3918 1084 3951 soleant
1108 3921 1213 3952 casibus

114 3965 248 3996 praeponr.

1711 133 1741 169 C
1839 134 1865 168 L
1961 137 1991 173 A
2349 158 2413 194 533

1301 210 1335 243 Et
1345 223 1408 243 curn
1419 223 1453 243 eo
1465 212 1536 243 clam
1550 213 1678 244 subduxti
1691 221 1718 244 te
1729 215 1822 245 mihi?
1849 214 1914 246 Ter.
1928 217 1997 247 Eun.
2008 228 2034 255 4.
2045 228 2069 256 7.
2082 229 2128 257 25.
2150 221 2215 253 Caes.
2226 233 2251 259 4.
2266 224 2333 255 Bell.
2345 227 2417 259 Gau.

1323 261 1365 285 ιο.
1389 254 1425 279 Ac
1437 251 1498 280 suos
1512 251 1583 280 clam
1598 262 1631 280 ex
1647 254 1718 291 agris
1726 254 1867 283 deducere
1878 263 2035 293 coeperunt.

1301 288 1379 317 Clam
1395 289 1488 318 furtim
1503 289 1604 318 alicubi
1615 290 1675 319 eise.
1698 290 1780 320 Plaut.
1801 292 1875 321 l’oen.
1891 302 1914 328 3.
1929 303 1952 330 3.
1969 304 2014 329 49.

1394 328 1426 354 At
1441 327 1515 355 enim
1528 327 1573 355 hic
1584 327 1657 357 clam
1668 328 1763 358 furtim
1777 329 1831 358 effe
1839 330 1900 359 vult
1910 353 1918 364 ,
1939 333 2023 367 nequi
2033 332 2128 362 sciant.

1302 362 1379 391 Clam
1391 364 1416 392 Sc
1428 363 1547 392 occulte.
1589 365 1647 394 Cic.
1660 371 1685 395 6.
1700 366 1774 395 Verr.
1787 376 1831 401 23.
1855 367 1974 398 Peristos
1986 378 2045 406 qua:
2057 370 2177 408 volebat,
2198 373 2227 402 in
2238 383 2337 404 navem
2349 375 2421 406 clam

1322 401 1491 437 imponenda
1503 422 1510 435 ,
1531 402 1642 431 occulte
1657 405 1828 440 exportanda
1843 406 1963 438 curabat.

1300 437 1379 466 Clam
1392 438 1480 467 facere
1490 438 1517 466 id
1530 439 1667 475 dicimur,
1689 442 1775 478 Quod
1785 452 1818 471 eo
1828 443 1960 473 insciente
1971 445 2088 475 facimus
2100 467 2108 482 ,
2129 455 2212 483 quern
2227 449 2255 477 id
2267 450 2422 487 prohibitu.

1321 484 1381 503 rum
1392 475 1445 504 esse
1456 475 1673 513 suspicabamur,
1695 486 1725 508 ut
1735 486 1810 516 patet
1823 491 1857 510 ex
1870 481 1888 511 l.
1903 491 1926 519 3.
1944 483 1965 520 §.
1978 482 2028 512 ult.
2042 484 2075 514 D.
2097 486 2173 521 quod
2191 486 2216 516 vi
2230 507 2239 523 ,
2261 495 2308 517 aut
2319 488 2400 519 clam.

1301 512 1395 545 Clam,
1420 513 1456 542 Ex
1468 513 1580 543 insidiis.
1602 515 1673 552 Virg.
1690 526 1712 545 1.
1732 518 1792 547 ffin.
1806 526 1869 554 354.

1381 549 1458 579 Ciam
1469 551 1541 579 serto
1553 553 1694 582 incautum
1705 554 1820 592 superat.

1303 586 1417 616 Clam&
1431 587 1535 622 Palam,
1557 592 1702 621 contraria.
1744 593 1801 622 Cic.
1821 603 1872 631 pro
1885 594 1963 624 Rosc.
1976 596 2064 626 Amer.
2077 606 2121 633 23.
2151 597 2242 630 Multa
2259 599 2351 638 palam
2373 601 2422 631 do-

1323 634 1398 654 mum
1411 625 1484 667 suam
1497 626 1654 657 auferebat:
1679 628 1757 666 plura
1767 630 1839 660 clam
1849 631 1884 660 de
1899 634 1993 662 medio
2004 635 2171 665 removebat.

1302 661 1400 699 Neque
1410 664 1521 692 cessavit
1531 665 1640 695 infidias
1650 667 1752 697 struere
1765 668 1837 698 clam
1847 691 1855 705 ‚
1875 670 1976 708 palam.
1997 672 2073 702 Suet.
2084 673 2188 704 Domit.
2200 683 2227 706 2.

1303 699 1381 729 Clam
1391 701 1454 730 erit.
1474 701 1538 730 Ter.
1554 702 1631 732 Adel.
1649 713 1671 732 r.
1690 715 1712 734 ι.
1725 708 1770 739 46.

1383 738 1410 766 Si
1427 737 1583 775 speratfore
1597 740 1668 770 clam
1680 763 1688 777 ,
1710 742 1814 772 rursum
1833 744 1868 774 ad
1884 744 2028 782 ingenium
2046 748 2128 778 redit.

1321 783 1378 803 non
1391 775 1519 805 rescitum
1531 777 1571 806 iri.

1301 812 1367 842 Non
1380 813 1460 842 clam.
1502 814 1532 843 V.
1556 824 1638 845 NON.

1264 849 1287 879 C
1297 861 1312 878 ι
1322 860 1339 877 A
1353 860 1372 893 15
1382 853 1423 879 cu
1433 862 1448 879 r.
1459 861 1505 894 uri
1516 873 1525 887 ‚
1547 854 1673 889 [κςυφῆ]
1693 854 1790 884 dimin.
1824 855 1890 887 Ter.
1903 857 1971 887 Eun.
1986 866 2009 895 3.
2022 870 2047 896 ς.
2060 870 2106 896 41.
2138 860 2248 892 Venisse
2260 863 2420 896 clanculum

1302 897 1352 925 per
1363 888 1538 925 impluvmm.

1301 925 1468 967 Clanculum
1479 928 1560 956 dista.
1584 927 1670 957 Plaut.
1682 928 1759 959 Poen.
1771 941 1798 965 4.
1809 939 1835 960 2.
1852 941 1897 967 91.
1919 933 1986 964 Vale
1997 956 2005 970 ,
2027 936 2053 964 Sc
2065 935 2124 966 haec
2134 947 2207 973 cura,
2220 937 2378 969 clanculum
2388 947 2420 970 ut

1321 965 1373 992 lint
1382 963 1463 994 dicta.
1499 966 1516 994 i.
1532 975 1556 994 e.
1578 965 1622 994 Ne
1634 966 1693 1002 quis
1707 967 1839 998 resciscat.

1301 1000 1486 1037 Clanculum,
1507 1003 1660 1032 accusativo
1671 1005 1764 1040 junxit
1783 1005 1847 1036 Ter.
1860 1007 1937 1038 Adel.
1957 1018 1980 1039 1.
2000 1019 2024 1039 1.
2036 1019 2081 1047 27.
2103 1010 2243 1042 Postremo
2253 1013 2298 1043 alii
2309 1014 2420 1045 clancu-

1321 1038 1379 1068 lum
1387 1047 1477 1076 patres
1486 1050 1545 1078 quae
1553 1041 1658 1070 faciunt
1669 1064 1676 1077 ,
1698 1044 1750 1072 &a

1263 1076 1287 1106 C
1297 1088 1313 1106 L
1324 1087 1343 1105 A
1355 1086 1375 1105 N
1385 1087 1402 1106 c
1412 1078 1430 1106 i‘J
1439 1089 1455 1106 L
1464 1087 1481 1122 o
1490 1100 1498 1111 ,
1518 1079 1585 1122 Adv.
1609 1079 1694 1109 Idem.
1714 1080 1840 1112 Macrob.
1852 1082 1902 1112 lib.
1918 1093 1941 1118 ς.
1954 1084 2063 1114 Saturn.
2076 1095 2135 1123 cap.
2152 1092 2194 1121 ¹8-
2210 1088 2245 1117 de
2256 1088 2368 1126 Virgilio
2378 1090 2420 1120 lo.

1303 1124 1408 1152 quens,
1430 1115 1493 1145 Fuit
1502 1116 1547 1145 hic
1557 1123 1639 1154 poeta
1650 1126 1681 1146 ut
1695 1117 1851 1157 scrupulose
1871 1123 1897 1150 ἃ
1913 1123 1996 1152 anxie
2007 1144 2015 1158 ‚
2035 1123 2073 1152 ita
2088 1123 2288 1156 dissimulanter
2305 1130 2331 1157 Sc
2347 1127 2422 1158 clan-

1303 1152 1369 1182 culo
1379 1152 1486 1183 doetus.
1507 1153 1577 1192 saepe
1590 1155 1652 1184 usus
1662 1156 1700 1185 est
1714 1157 1794 1195 Apul.
1809 1158 1839 1187 in
1850 1158 1920 1188 Met.

1265 1189 1312 1221 CL
1322 1200 1341 1219 A
1353 1199 1373 1219 N
1383 1200 1400 1219 c
1411 1201 1428 1220 u
1439 1202 1455 1220 L
1464 1201 1482 1220 A
1491 1201 1508 1221 R
1517 1203 1526 1221 1
1537 1203 1554 1221 u
1566 1202 1577 1221 s
1589 1214 1597 1228 ,
1619 1194 1678 1229 Adj.
1702 1196 1860 1230 [neumega]
1881 1203 1911 1225 ut
1923 1218 1930 1231 ‚
1952 1196 2035 1227 Poeta
2049 1197 2236 1232 clancularius
2252 1224 2260 1237 ,
2283 1203 2339 1240 Qui
2362 1203 2423 1241 sup-

1302 1228 1393 1271 presso
1405 1230 1519 1273 nomine
1535 1230 1584 1259 suo
1596 1252 1604 1266 ,
1626 1230 1700 1276 dieta
1712 1233 1838 1270 quaedam
1856 1236 1881 1263 ἀ
1894 1234 1970 1265 sceda
1984 1236 2086 1274 probra
2104 1237 2212 1269 scribit:
2241 1249 2301 1277 quae
2318 1242 2423 1272 mavult

1303 1266 1416 1296 alterius
1426 1267 1524 1296 vrderr.
1548 1268 1668 1298 Mart1al.
1681 1269 1728 1300 lib.
1741 1281 1784 1300 10.
1798 1281 1823 1307 3.

1396 1304 1466 1342 Quae
1475 1304 1605 1335 sulfurato
1616 1307 1689 1336 nolit
1698 1315 1791 1346 empta
1802 1315 1929 1340 ramento

1394 1342 1571 1373 Vatiniorum
1586 1354 1740 1382 proxeneta
1755 1347 1903 1377 fractorum
1914 1370 1922 1384 ‚

1391 1379 1477 1410 Poeta
1487 1382 1600 1419 quidam
1612 1383 1795 1414 clancularius
1806 1385 1913 1423 spargit.

1264 1418 1288 1448 C
1296 1429 1312 1447 L
1322 1427 1342 1446 A
1353 1427 1373 1446 N
1382 1428 1400 1447 D
1412 1428 1425 1447 ε
1434 1428 1446 1448 s
1454 1423 1521 1448 τῑΝ
1533 1430 1550 1449 υ
1559 1430 1571 1449 s
1580 1441 1589 1456 ,
1611 1421 1670 1457 Adj.
1693 1423 1872 1458 [κςοφωῖῶα]
1895 1423 2041 1455 Occultus.
2081 1425 2169 1456 Plaut.
2184 1427 2285 1467 Amph.
2300 1438 2324 1460 1.
2337 1438 2363 1460 2.
2377 1435 2422 1466 28.

1303 1456 1337 1486 Et
1348 1456 1517 1486 clandestina
1532 1464 1563 1487 ut
1575 1458 1681 1488 celetur
1695 1459 1821 1498 suspicio.

1304 1494 1451 1531 Colloquia
1461 1495 1630 1526 clandestina
1638 1507 1703 1526 cum
1717 1498 1848 1529 hostibus.
1872 1499 1930 1529 Cic.
1945 1500 1980 1529 de
1991 1500 2099 1532 Seneet.
2112 1512 2158 1538 4ο.

1303 1532 1424 1561 Consilia
1435 1532 1613 1564 clandestina.
1636 1534 1701 1565 Caes.
1715 1544 1741 1571 7.
1754 1536 1821 1566 Bell.
1835 1537 1904 1567 Gall.
1917 1547 1978 1575 cap.
1993 1549 2015 1567 r.

1301 1569 1494 1601 Denuntiatio.
1533 1571 1591 1602 Liv.
1604 1576 1686 1610 4.36.
1709 1573 1805 1610 Quum
1816 1582 1907 1613 patres
1925 1576 2095 1608 clandestina
2112 1578 2327 1611 denuntiatione
2348 1590 2426 1613 revo-

1321 1609 1377 1636 cati
1387 1609 1423 1637 ad
1434 1609 1509 1638 diem
1521 1617 1624 1639 certam
1638 1610 1733 1640 essent.

1301 1644 1416 1676 Foedus.
1439 1646 1498 1677 Liv.
1511 1656 1536 1683 3.
1551 1652 1594 1684 36.
1617 1648 1665 1678 Sil.
1678 1649 1727 1679 lib.
1739 1658 1765 1686 7.
1775 1653 1839 1686 ²⁶7·

1353 1708 1355 1711 .
1381 1684 1440 1714 Ceu
1451 1684 1622 1715 clandestino
1639 1687 1792 1717 traheretur
1803 1688 1911 1719 findere
1919 1689 2037 1721 bellum.

1302 1720 1446 1752 Introitus.
1485 1723 1542 1754 Cic.
1555 1733 1580 1753 2.
1598 1723 1655 1754 Off.
1671 1730 1717 1759 81.
1738 1725 1917 1757 clandestino
1927 1729 2043 1759 introitu
2053 1729 2121 1760 urbe
2135 1729 2173 1761 est
2182 1731 2298 1770 potitus.

1303 1759 1410 1790 morus.
1433 1760 1541 1791 Lucret.
1553 1761 1601 1792 lib.
1614 1771 1640 1792 2.
1655 1770 1718 1799 127.

1301 1798 1407 1828 Scelus.
1429 1798 1489 1829 Cic.
1503 1809 1554 1837 pro
1567 1799 1644 1830 Sulla
1657 1809 1700 1838 33.

1264 1835 1342 1865 CLA
1354 1846 1567 1873 NDsssTmo,
1594 1837 1663 1867 Adv.
1697 1838 1846 1875 [κρυφίως]
1886 1841 1905 1871 i.
1923 1851 1947 1871 e.
1978 1839 2164 1880 Abscondite,
2194 1849 2226 1874 ut
2250 1845 2288 1874 ait
2306 1845 2425 1877 Nonius.

1302 1873 1390 1904 Plaut.
1404 1874 1489 1905 milit.
1501 1886 1527 1911 4.
1543 1885 1566 1905 1.
1585 1886 1627 1905 10.
1649 1876 1723 1906 Nam
1732 1877 1788 1907 hoc
1796 1879 1901 1915 negotii
1914 1879 2085 1911 clandestino
2097 1889 2128 1912 ut
2138 1892 2259 1919 agerem,
2280 1884 2429 1914 mandatur

1302 1912 1381 1942 mihi.
1422 1912 1509 1956 Luci-l.
1523 1913 1571 1942 lib.
1581 1918 1625 1944 26.
1639 1916 1714 1952 apud
1723 1915 1798 1946 Non.
1813 1927 1836 1946 1.
1853 1921 1915 1954 176.
1947 1919 1982 1948 At
2003 1920 2079 1949 enim
2097 1920 2167 1950 dicis
2185 1919 2357 1952 clandestino
2374 1922 2428 1952 tibi

1302 1951 1378 1987 quod
1390 1951 1565 1981 commissum
1577 1952 1663 1987 foret,
1685 1954 1737 1982 &c.

1264 1988 1314 2020 Cr.
1325 1998 1342 2016 A
1353 1998 1401 2017 mo
1412 1998 1428 2017 R
1441 2010 1448 2024 ‚
1469 1990 1531 2018 Oris.
1556 2000 1593 2019 m.
1615 1988 1734 2026 [2392va
1749 2012 1758 2026 ,
1777 1991 1842 2027 βοὰ]
1862 1994 1974 2031 proprie
1992 1994 2030 2024 est
2046 1994 2222 2026 Calamorum
2233 1995 2333 2034 sonus,
2354 1998 2429 2036 quasi

1303 2026 1454 2056 Calamor:
1476 2028 1584 2056 etenim
1602 2034 1686 2057 vento
1706 2038 1721 2057 a
1742 2029 1813 2059 itatae
1830 2032 1999 2068 arundines,
2021 2042 2079 2062 non
2100 2043 2215 2071 parvam
2235 2044 2334 2065 vocem
2348 2037 2430 2066 emit-

1303 2070 1375 2093 tunt.
1402 2064 1515 2100 [Immo
1528 2065 1637 2096 verbale
1645 2066 1684 2095 est
1693 2076 1708 2095 a
1747 2068 1830 2103 lamo,
1842 2075 1873 2098 ut
1883 2069 2004 2108 Clangor
2015 2081 2030 2099 a
2041 2070 2157 2109 Clango,
2171 2074 2197 2102 &
2208 2073 2319 2110 proprie
2330 2073 2364 2103 de
2378 2073 2431 2102 Vo-

1304 2112 1338 2131 ce
1362 2102 1484 2131 humana
1502 2102 1583 2133 valde
1603 2105 1710 2133 intenta
1730 2105 1869 2141 di‘citur.]
1917 2107 1986 2137 Plin.
2008 2108 2089 2145 Epist.
2105 2119 2166 2145 190.
2197 2112 2235 2140 Ac
2255 2111 2352 2148 primis
2370 2112 2431 2148 qui-

1304 2141 1369 2170 dem
1380 2140 1479 2170 diebus
1492 2141 1608 2170 redditae
1619 2142 1763 2179 libertatis,
1776 2153 1827 2181 pro
1838 2143 1864 2173 se
1883 2145 1996 2183 quisque
2007 2146 2136 2176 inimicos
2149 2147 2211 2177 suos
2229 2148 2364 2178 duntaxat
2378 2150 2432 2179 mi·

1303 2187 1386 2208 nores
1395 2179 1543 2208 incondito
1555 2201 1562 2215 ,
1583 2179 1750 2218 turbidoque
1764 2181 1886 2212 clamore
1894 2184 2079 2221 postulaverat
2089 2184 2168 2215 fimul
2180 2187 2206 2216 δι
2216 2186 2396 2224 oppresserat.

1304 2217 1418 2246 Clamos
1430 2223 1538 2246 veteres
1549 2217 1679 2247 dicebant
1694 2228 1745 2254 pro
1757 2218 1879 2250 Clamor.

1305 2254 1415 2284 'Gruum
1426 2254 1539 2285 clamor.
1564 2255 1671 2284 Lucret.
1685 2255 1734 2285 lib.
1748 2267 1774 2293 4.
1791 2263 1851 2295 183.

1305 2293 1459 2323 Montium.
1494 2293 1562 2323 Hor.
1575 2302 1599 2329 3.
1614 2293 1703 2323 Carm.
1716 2304 1761 2330 29.
1775 2301 1817 2331 38.
1840 2295 1954 2326 Montes
1971 2296 2034 2327 illos
2052 2297 2202 2336 intelligit,
2224 2309 2274 2337 per
2294 2310 2363 2337 quos
2377 2306 2432 2331 tor-

1324 2341 1388 2360 rens
1398 2330 1497 2368 aliquis
1510 2331 1633 2360 decurrit
1647 2353 1654 2367 ‚
1676 2339 1724 2362 aut
1734 2333 1919 2371 impotentior
1931 2334 2033 2364 fluvius
2045 2336 2142 2371 aliquis
2152 2337 2362 2375 praeteriabitur.

1306 2369 1450 2399 Clamores
1461 2371 1487 2399 &
1497 2369 1702 2399 admirationes.
1741 2370 1799 2400 Cic.
1817 2382 1839 2400 1.
1853 2372 1889 2401 de
1899 2373 1976 2403 Orat.
1992 2384 2053 2409 152.
2074 2373 2141 2404 Haec
2152 2375 2214 2405 sunt
2227 2386 2287 2413 quae
2297 2376 2433 2406 clamores

1325 2408 1351 2436 ἃ
1361 2407 1559 2436 admirationes
1567 2407 1595 2437 in
1606 2407 1689 2437 bonis
1698 2408 1855 2439 oratoribus
1867 2410 2008 2447 efficiunt,
2030 2413 2083 2442 &c

1305 2444 1430 2475 Absonus
1443 2444 1556 2474 clamor.
1597 2445 1629 2475 In
1651 2456 1672 2474 A
1683 2456 1698 2474 B
1706 2456 1718 2475 s
1726 2456 1743 2475 0
1754 2456 1775 2475 N
1783 2457 1801 2475 υ
1811 2456 1832 2477 s.

1306 2484 1493 2512 Acutissimus.
1534 2483 1592 2512 Cic.
1607 2492 1632 2519 3.
1645 2484 1681 2513 de
1692 2484 1769 2514 Orat.
1782 2492 1846 2520 225.
1868 2485 1978 2516 Deinde
1990 2486 2028 2516 est
2037 2485 2170 2524 quiddam
2182 2489 2374 2520 contentionis
2385 2495 2432 2520 ex-

1325 2528 1446 2550 tremum
1458 2542 1466 2556 ‚
1486 2522 1562 2558 quod
1574 2529 1668 2551 tamen
1680 2522 1793 2552 inferius
1805 2524 1843 2552 est
1853 2533 1935 2560 quam
1957 2525 2127 2555 acutislimus
2143 2527 2248 2556 clamor
2259 2549 2267 2562 ‚
2288 2538 2343 2564 quo
2360 2536 2386 2558 te
2401 2529 2431 2558 fi-

1325 2558 1394 2588 stula
1404 2559 1533 2596 progredi
1546 2569 1604 2588 non
1614 2559 1701 2595 sinet,
1723 2562 1849 2590 &tamen
1864 2561 1898 2591 ab
1911 2557 1966 2599 ipsa
1977 2564 2160 2593 contentione
2172 2564 2322 2595 revocabit.

1306 2597 1437 2627 Blandus.
1460 2597 1545 2626 Ovid.
1559 2605 1584 2632 3.
1606 2597 1671 2627 Fast.
1685 2607 1749 2628 221.
1773 2599 2038 2638 ficvocatVagitum
2056 2609 2216 2639 puerorum.

1307 2636 1404 2665 Caecus
1415 2657 1423 2670 ‚
1445 2634 1601 2664 Confusus:
1624 2635 1711 2673 qualis
1729 2636 1767 2665 est
1783 2636 1936 2669 multorum
1953 2638 2033 2669 simul
2051 2638 2233 2671 clamantium
2250 2642 2280 2671 in
2298 2641 2431 2672 tumultu.

1327 2673 1416 2703 Valet.
1431 2682 1457 2702 2.
1475 2673 1574 2710 Argon.
1587 2677 1651 2708 46¹·

1307 2711 1413 2741 Clarus.
1448 2710 1479 2740 V.
1502 2720 1520 2739 c
1529 2721 1545 2738 L
1553 2720 1572 2739 A
1582 2720 1598 2739 R
1608 2721 1627 2740 u
1635 2720 1656 2741 s.

1308 2747 1498 2779 Concionalis.
1537 2748 1569 2778 In
1590 2758 1608 2777 c
1618 2754 1664 2778 ors
1673 2758 1708 2779 cr
1719 2759 1736 2779 o
1747 2759 1792 2780 Νο
1802 2759 1828 2781 ι.

1307 2788 1401 2818 Dirus.
1422 2786 1471 2817 Sil.
1482 2785 1530 2815 lib.
1542 2794 1567 2824 7.
1582 2791 1643 2822 326.

1308 2825 1449 2856 Dissonus.
1472 2825 1538 2854 Stat.
1551 2828 1576 2854 6.
1589 2824 1680 2855 Theb.
1692 2828 1757 2861 625.

1308 2863 1408 2893 Ferox.
1431 2863 1462 2892 V.
1485 2862 1568 2900 paulo
1577 2862 1637 2900 post
1648 2885 1656 2899 ‚
1676 2862 1832 2894 Provocare
1841 2863 1974 2896 clamore.

1308 2901 1402 2931 Ferus.
1423 2900 1492 2931 Stat.
1503 2904 1529 2930 6.
1541 2900 1632 2930 Theb.
1651 2909 1713 2937 130.

1308 2936 1379 2969 Festi
1388 2935 1535 2968 clamores.
1568 2938 1596 2967 V.
1619 2939 1704 2976 paulo
1715 2939 1793 2977 post,
1815 2940 1962 2970 Personare
1971 2940 2045 2971 festis
2057 2941 2232 2972 elamoribus.

1309 2977 1422 3008 Flebilis
1431 2976 1536 3006 clamor
1546 2996 1554 3012 ,
1575 2973 1706 3013 Ejulatus.
1728 2978 1792 3007 Sen.
1804 2977 1908 3008 Troad.
1930 2988 1954 3008 v.
1969 2983 2033 3015 ⁶78·

1403 3013 1516 3044 Cessatis
1527 3015 1540 3043 ἰ)
1562 3015 1588 3044 &
1601 3025 1649 3044 vos
1660 3014 1761 3044 flebilis
1775 3015 1881 3046 clamor
1891 3023 2007 3052 movet,

1403 3052 1544 3088 Furorque
1559 3052 1645 3082 cassus
1656 3053 1778 3084 feminae.

1309 3090 1467 3121 Femineus.
1488 3089 1537 3120 Sil.
1550 3089 1599 3120 lib.
1614 3101 1656 3126 ις.
1673 3100 1738 3127 47¹-

1310 3129 1483 3159 Horrendus.
1507 3128 1578 3166 Virg.
1590 3138 1616 3158 2.
1637 3129 1698 3159 AEn.
1712 3138 1776 3159 222.
1944 3166 1946 3168 Υ

1309 3167 1432 3197 Horrido
1443 3166 1565 3195 clamore
1576 3166 1719 3201 complere
1733 3166 1842 3197 caelum.
1864 3167 1928 3197 Sen.
1943 3167 2072 3204 OEthq.

1309 3204 1479 3236 Immensum
1491 3204 1640 3233 clamorem
1649 3204 1756 3235 tollere.
1779 3205 1852 3243 Virg.
1866 3215 1889 3242 3.
1908 3206 1969 3235 AEn.
1984 3210 2047 3241 672.

1404 3242 1562 3272 Clamorem
1574 3242 1741 3273 immensum
1755 3243 1830 3273 tollit
1840 3265 1848 3279 ,
1870 3253 1926 3280 quo
1942 3250 2046 3281 pontus
2057 3243 2190 3272 &omnes

1403 3280 1575 3310 Intremuere
1585 3281 1677 3310 undae.

1311 3316 1484 3350 Immodicns
1495 3340 1502 3353 ,
1523 3317 1709 3355 insolitusque.
1750 3317 1819 3347 Plin.
1831 3327 1857 3347 2.
1872 3316 1956 3356 Epist.
1971 3323 2014 3352 38.
2036 3318 2072 3347 ad
2083 3317 2201 3347 Maxim.
2225 3316 2319 3348 Audiit
2329 3327 2362 3348 ex
2372 3327 2437 3357 pro-

1331 3356 1602 3386 ximoimmodicum
1614 3377 1621 3390 ‚
1644 3355 1785 3386 insolitum
1808 3365 1842 3384 ue
1853 3355 2014 3385 clamorem.

1311 3393 1427 3432 Impius.
1469 3395 1535 3423 Hor.
1549 3404 1572 3423 1.
1591 3393 1679 3422 Carm.
1693 3403 1737 3430 27.
1752 3403 1779 3430 7.
1814 3394 1921 3431 mpium
1936 3400 2017 3422 vocat
2034 3391 2192 3422 Clamorem
2202 3402 2299 3424 eorum
2308 3395 2355 3432 qui
2366 3395 2439 3426 inter

1311 3432 1433 3501 Iriisse‘slutisl
1438 3430 1893 3512 ’l1ffigianrffaffistpgiggffiagteugfflum.
1914 3467 2040 3511 valen-8.
2057 3468 2157 3505 Argon.
2175 3477 2238 3506 3²5-

1505 3508 1636 3543 —inque
1649 3507 1735 3535 imum
1744 3513 1845 3544 pariter
1854 3515 1929 3536 mare
1941 3513 2070 3544 protinus
2086 3514 2186 3536 omnes

1405 3544 1505 3575 Infesto
1515 3544 1636 3574 clamore
1648 3550 1737 3573 ruant.

1311 3583 1421 3620 Ingens.
1445 3583 1516 3620 Virg.
1532 3591 1574 3611 12.
1591 3582 1651 3611 AEn.
1667 3585 1731 3615 268.

1311 3621 1450 3651 insolitus.
1481 3621 1547 3650 Stat.
1564 3628 1587 3648 1.
1606 3619 1697 3648 Theb.
1710 3627 1742 3655 43
1752 3627 1774 3648 r.

1312 3658 1456 3695 Juvenilis.
1478 3658 1561 3687 Ovid.
1575 3667 1602 3693 4.
1620 3657 1687 3686 Met.
1703 3662 1748 3690 28.
1988 3693 1993 3699 ²

1405 3696 1580 3733 Quacunque
1591 3695 1744 3731 ingrederis
1754 3714 1763 3729 ‚
1784 3691 2047 3730 clamorjuvemlis*²
2068 3694 2095 3724 δι
2106 3701 2162 3724 una

1405 3733 1542 3763 Femineae
1559 3741 1642 3761 voces
1653 3754 1660 3767 ,
1678 3734 1730 3761 διο.

1312 3771 1411 3801 Laetus.
1435 3771 1507 3807 Virg.
1521 3779 1545 3807 3.
1563 3770 1705 3815 PER-¹524-

1312 3809 1433 3845 Longus.
1453 3808 1519 3837 Stat.
1534 3818 1556 3842 ς.
1570 3807 1661 3836 Theo.
1678 3815 1738 3842 552.
1930 3844 1934 3849 ι

1313 3847 1399 3877 Malis
1416 3845 1583 3875 clamoribus
1596 3844 1686 3881 plenae
1704 3843 1794 3873 undae.
1815 3842 1905 3873 Valer.
1917 3843 1964 3872 hb.
1980 3853 2003 3874 r.
2019 3845 2118 3882 Argon.
2133 3847 2197 3882 646.

1581 3897 1618 3903 ·—-
1627 3882 1735 3918 quoties
1745 3891 1810 3910 mox
1822 3889 1898 3919 rapta
1908 3881 2011 3911 videbo

1406 3920 1472 3950 Vela
1484 3919 1566 3949 Notis
1579 3941 1586 3954 ,
1609 3919 1757 3957 plenasque
1770 3919 1849 3949 malis
1860 3920 2027 3950 clamoribus
2037 3919 2134 3950 undas.

1314 3956 1418 3990 Metus.
1458 3957 1490 3988 V.
1512 3968 1533 3986 M
1541 3967 1556 3986 s
1567 3967 1583 3986 a
1593 3967 1612 3987 u
1621 3967 1643 3988 ε.

2211 750 2230 780 i.
2241 760 2265 781 e.
2287 751 2317 782 Si
2334 751 2423 791 sperat

1868 3783 1906 3789 ——
1916 3767 1980 3797 laeto
1995 3768 2063 3799 socii
2077 3768 2198 3800 clamore
2207 3769 2334 3802 salutant.

1812 3989 1932 4032 Xxx3
2338 3992 2432 4024 Moesti
