2604 4222
138 110 208 142 612
559 96 589 132 C
689 96 723 131 Ο
822 94 864 129 M

176 186 274 216 Verbis
283 182 531 222 comprehendere.
560 182 589 210 h.
602 189 627 209 e.
648 175 814 215 Compleeti.
858 172 915 202 Cic.
931 179 973 200 12.
986 170 1039 199 Att.
1051 178 1096 199 22.
1119 168 1194 206 Quia
1201 165 1292 198 verbis

197 222 427 253 luculentioribus
436 223 461 250 Sc
470 219 593 258 pluribus
605 226 664 247 rem
673 216 791 244 eandem
803 209 1062 248 comprehenderat.

181 261 300 293 Diversis
311 260 401 289 verbis
410 259 486 288 idem
501 254 744 294 comprehendere,
767 249 885 292 Quint-il.
898 248 945 276 lib.
958 256 987 289 7⁸.
1001 255 1061 282 cap.
1075 255 1102 280 4.
1201 280 1206 286 ι
1276 279 1283 285 ι

180 300 258 343 Bella
267 298 506 337 comprehendere
516 294 614 333 viginti
624 288 820 322 voluminibus.
852 296 871 315 i.
884 295 908 314 e.
929 284 1064 316 &urbere
1085 283 1160 312 Suet.
1174 278 1297 309 Vit.Pli-

186 348 357 406 Ardliilterium
371 373 489 408 alicujus
503 366 748 407 comprehendere.
778 362 796 391 i.
813 370 837 390 e.
860 357 1087 397 Deprehendere.
1110 355 1168 385 Cic.
1181 364 1232 394 pro
1242 353 1298 384 Mi-

187 413 431 488 dgrsipieifiendere
442 468 449 482 ,
473 456 523 482 pro
539 442 697 478 Intelligere
712 438 755 468 vel
769 437 844 466 scire.
885 434 943 464 Cic.
955 443 982 468 4.
992 433 1073 462 Acad.
1088 436 1131 466 18.
1152 431 1212 461 Nos
1222 428 1298 459 enim

207 488 383 517 defendimus
391 508 398 519 ,
419 485 502 514 etiam
512 481 684 519 insipientem
694 475 779 506 multa
788 472 1037 510 comprehendere.

190 524 431 563 Comprehendere
442 524 466 551 ἃ
477 520 628 558 percipere.
652 516 709 544 Cic.
723 526 750 560 4.
763 513 846 542 Acad.
855 519 902 554 ²³:
1189 543 1194 550 ⁸
1277 541 1284 547 .

190 562 431 601 Comprehendere
443 559 531 595 lignis,
546 564 627 593 quem
638 555 689 583 &c
729 548 864 580 Columel.
879 548 927 592 lib.
939 551 965 576 6.
980 556 1041 585 cap.
1054 554 1100 582 24.
1121 544 1210 574 Certis
1219 542 1300 580 signis

208 598 444 638 comprehendere
456 597 539 629 licet,
578 601 639 622 uem
655 590 748 634 sexum
755 593 935 632 generaverit.
948 622 954 628 ⁶

187 640 287 669 Animo
297 635 496 673 comprendere
506 604 718 667 intesligentiam
727 626 842 658 alicuius
852 633 901 653 rei.
922 622 981 652 Cic.
993 631 1018 656 3.
1032 621 1066 665 de
1082 620 1146 664 Nat.
1156 619 1240 649 Deor.
1253 620 1298 652 ⁶⁴·

189 677 306 706 Contem
329 674 459 703 lationem
471 679 561 699 rerum
573 673 675 697 naturze
684 662 933 701 comprehendere.
955 659 1024 690 Cels.
1038 659 1087 688 lib.
1103 668 1125 688 1.
1139 667 1166 687 in
1177 664 1300 700 procem..

210 713 293 750 Quod
304 715 322 741 li
333 708 598 746 contemplationem
609 710 825 735 terminatum,
848 709 929 736 quam
942 708 998 726 non
1017 703 1122 727 temere
1138 693 1300 738 niedici'sibi

208 751 374 782 vendicant,
396 747 455 776 satis
464 741 733 782 comprehendisset,
753 735 1021 769 etiamilludscisset.
1044 735 1061 764 i.
1077 744 1102 764 e.
1122 734 1152 764 Si
1162 730 1300 762 didicisset

209 798 269 826 quae
281 788 315 817 ad
326 785 452 824 physicen
465 784 613 821 pertinent.

191 826 355 856 Memoriam
367 823 405 852 rei
417 822 532 856 alicujus
544 816 789 856 comprehendere.
812 813 870 843 Cic.
881 811 916 842 de
932 811 1003 840 Clar.
1019 809 1096 840 Orat.
1111 819 1153 844 19.

190 865 287 894 Aninio
299 862 422 891 celeriter
434 857 679 896 comprehendere.
702 854 761 883 Cic.
774 863 799 882 2.
811 852 846 881 de
858 851 937 880 Orat.
955 851 1016 893 136.
1179 884 1184 890 .

189 897 526 937 Cogitationeintelligere
540 896 567 924 &
587 891 835 930 comprehendere.
872 888 933 932 Cic.
947 885 1062 930 13susc.
1084 895 1126 920 50.
1148 882 1207 927 Nisi
1227 880 1302 925 quod

209 945 349 975 nequeunt
359 935 445 973 qualis
457 935 564 963 animus
578 932 609 961 sit
623 940 723 961 vacans
734 936 850 966 corpore
862 948 871 962 ,
891 924 1048 961 intelligere
1058 945 1066 959 ,
1088 924 1114 953 &
1133 927 1303 959 cogitatione

207 975 449 1013 comprehendere.
815 1002 820 1008 ·

190 1013 364 1050 Cogitatione
374 1013 399 1041 ἃ
411 1009 509 1039 animis
522 1004 768 1045 comprehendere.
790 1002 847 1032 Cic.
860 1011 909 1039 pro
920 999 1010 1030 Flacc.
1027 1001 1072 1042 ⁶.⁶·

189 1051 326 1082 Memoria
336 1047 582 1086 comprehendere.
606 1045 694 1077 Cic.5.
710 1041 792 1072 Tusc.
808 1050 868 1069 121.
889 1038 1085 1081 Sed-quoniam
1097 1044 1179 1064 mane
1190 1034 1228 1063 est
1237 1042 1305 1063 eun-2

211 1090 277 1118 dum
287 1110 294 1123 ,
316 1088 364 1117 has
377 1087 497 1123 quinque
509 1085 614 1112 dierum
625 1081 824 1118 disputationes
837 1085 970 1106 memoria
986 1072 1265 1118 comprehendamus.

191 1126 326 1158 Memoria
336 1123 464 1159 consequi
476 1144 483 1157 ‚
505 1120 682 1150 autoratione
693 1114 942 1154 comprehendere.
965 1113 1024 1142 Cic.
1038 1117 1063 1141 6.
1081 1111 1154 1141 Verr.
1168 1119 1211 1147 57.

191 1165 287 1196 mente
303 1160 549 1199 comprehendere.
583 1157 641 1187 Cic.
658 1165 682 1191 3.
698 1156 732 1185 de
744 1156 805 1184 Nat.
822 1152 901 1181 Deor.
913 1160 959 1194 21.

191 1201 332 1233 Mentibus
343 1197 578 1235 comprehendere
587 1195 706 1232 aliquam
717 1192 890 1230 opinionem.
913 1188 971 1218 Cic.
984 1197 1034 1225 pro
1046 1186 1157 1217 Cluent.
1169 1192 1216 1223 47.

192 1240 253 1268 Visii
265 1236 499 1275 comprehendere
508 1233 621 1270 aliquid.
643 1232 690 1261 Sil.
705 1230 752 1259 lib.
766 1239 790 1263 ι.
806 1233 869 1263 408.
1032 1263 1037 1269 ¹
1181 1261 1186 1267 ¹
1211 1260 1216 1267 ‘

191 1278 211 1310 F
215 1279 281 1307 irme
302 1276 472 1313 graviterque
496 1281 594 1302 vocem
613 1276 716 1299 naturae
733 1264 984 1304 comprehendere.
1007 1262 1064 1292 Cic.
1079 1272 1100 1292 i.
1113 1262 1149 1291 de
1159 1259 1246 1291 Finib.
1259 1268 1304 1297 71.

245 1338 250 1344 .
354 1320 412 1341 iter.

195 1315 427 1386 (iiiicffiisiiquem
439 1358 488 1387 per
499 1347 524 1376 se
536 1348 561 1376 ἃ
571 1355 620 1384 per
628 1344 696 1374 alios
711 1341 959 1380 comprehendere.
989 1340 1008 1369 i.
1021 1347 1045 1368 e.
1065 1337 1225 1372 Devincire,
1246 1336 1308 1365 Am.

214 1390 306 1428 plecti.
329 1389 385 1418 Cic.
398 1397 448 1425 pro
464 1385 552 1414 Plane.
566 1394 609 1419 30.
905 1415 912 1422 ι
988 1414 994 1421 ·

195 1428 320 1458 Amicitia
331 1425 432 1454 multos
443 1421 680 1458 comprehendere
690 1441 698 1454 ‚
719 1418 789 1448 tueri
800 1415 941 1453 obsequio.
963 1414 1021 1444 Cic.
1033 1423 1083 1451 pro
1092 1410 1161 1442 Coel.
1184 1421 1226 1448 13.

197 1466 375 1495 Humanitate
391 1459 628 1499 comprehendere
637 1458 766 1494 aliquem.
804 1455 864 1484 Cic.
881 1462 922 1489 13.
935 1453 1008 1482 Fam.
1024 1456 1065 1480 16.
1087 1451 1141 1480 Sed
1153 1456 1184 1479 ut
1192 1448 1307 1478 redeam

215 1504 250 1532 ad
263 1503 289 1531 id
297 1502 372 1531 unde
380 1501 471 1538 coepi,
491 1499 670 1527 vehementer
680 1495 749 1524 mihi
759 1499 866 1531 gratum
877 1491 995 1526 feceris,
1016 1490 1035 1519 si
1051 1489 1126 1519 hunc
1146 1487 1307 1517 adolescen-

213 1547 270 1569 tem
282 1538 451 1569 humanitate
460 1543 506 1565 tua
515 1558 522 1571 ,
545 1544 605 1572 quae
613 1534 650 1563 est
664 1532 818 1570 singularis,
839 1528 1097 1566 comprehenderis.

194 1578 307 1615 Ignibus
318 1586 397 1614 agger
406 1573 623 1612 comprenditur.
646 1571 728 1601 Ovid.
742 1580 766 1604 9.
779 1569 847 1599 Met.
858 1576 923 1603 ²34·

197 1612 533 1653 Corriprenderecrinibus
545 1612 647 1647 ignem.
688 1608 760 1645 Virg.
771 1616 798 1644 7.
815 1605 932 1642 AEn.73.
960 1601 1114 1641 Hypallage
1133 1601 1188 1637 est,
1210 1599 1306 1638 Quum

216 1655 287 1691 ignis
297 1653 386 1682 crines
396 1648 622 1688 comprehendat.
633 1646 749 1677 Servius.

160 1690 183 1721 C
193 1701 209 1720 o
218 1703 237 1720 ii
247 1701 260 1719 P
270 1701 286 1719 ir
297 1701 310 1719 ir
320 1700 339 1719 H
349 1699 364 1718 iz
373 1699 392 1718 N
402 1699 414 1718 s
423 1699 440 1718 u
451 1698 462 1717 s
471 1710 479 1722 ,
501 1697 527 1721 a,
540 1696 595 1715 um.
619 1681 858 1721 [cviaznpapee'rQG
880 1680 977 1710 Partic.
999 1685 1030 1709 ut
1039 1701 1047 1714 ,
1067 1674 1307 1715 Comprehensam

195 1730 223 1758 in
240 1729 332 1757 animo
349 1727 449 1756 habere
462 1725 634 1755 sententiam.
656 1722 714 1751 Cic.
724 1732 749 1756 4·
761 1720 843 1750 Acad.
856 1728 901 1748 22.

195 1765 321 1804 Epistolae
330 1762 541 1802 comprehensae.
563 1762 580 1791 i.
597 1770 621 1791 e.
643 1760 814 1796 Interceptae.
835 1756 932 1793 Justin.
946 1764 991 1785 20.
1005 1765 1030 1791 ς.

195 1804 288 1841 Imago
299 1801 467 1840 comprensa.
490 1800 562 1838 Virg.
575 1803 600 1828 6.
617 1798 679 1828 AEn.
691 1806 754 1834 701.

275 1841 329 1870 Ter
339 1840 431 1869 frustra
440 1837 600 1876 comprensa
608 1844 705 1866 manus
715 1833 813 1871 effugit
822 1833 925 1871 imago.
1075 1862 1077 1865 ,

197 1878 401 1917 Comprehensa
419 1887 450 1906 ea
467 1877 497 1905 in
516 1885 544 1905 re
563 1875 593 1904 in
612 1873 796 1903 nominando.
838 1871 922 1900 Varro
938 1880 961 1899 1.
980 1868 1016 1898 de
1024 1867 1056 1897 R.
1069 1867 1102 1897 R.
1118 1877 1143 1903 9.
1167 1866 1202 1896 de
1213 1871 1305 1901 terra,

215 1917 246 1947 In
261 1926 293 1945 ea
304 1916 378 1944 enim
387 1915 490 1952 &lapis
498 1935 507 1949 ,
528 1915 554 1943 &
565 1921 646 1942 arena
655 1934 664 1946 ,
685 1913 711 1941 δι
728 1917 820 1940 cetera
830 1910 889 1945 eius
900 1908 1007 1946 generis
1016 1905 1115 1935 suntin
1128 1905 1304 1935 nominando

215 1952 419 1992 comprehensa.
450 1953 467 1981 i.
481 1961 505 1981 e.
528 1949 719 1988 Appellatione
728 1955 806 1977 terrae
817 1956 849 1976 ea
859 1944 1143 1984 comprehenduntur.

197 1992 314 2030 Captum
326 1992 351 2020 &
363 1988 590 2028 comprehensum
600 1988 721 2024 aliquem
731 1993 835 2015 tenere.
856 1984 914 2013 Cic.
930 1992 954 2020 3.
965 1983 994 2012 in
1006 1981 1085 2011 Catil.
1100 1985 1143 2011 16.

197 2030 330 2067 Linguam
343 2029 448 2065 forcipe
457 2025 682 2064 comprehensam
693 2023 809 2053 abstulit.
832 2022 915 2052 Ovid.
929 2025 954 2050 6.
969 2020 1038 2050 Met.
1054 2022 1115 2055 556.

197 2067 251 2097 Res
266 2066 375 2104 penitus
383 2065 529 2103 perspeelae
538 2064 673 2102 planeque
684 2063 817 2099 cognitae,
838 2068 920 2097 atque
937 2057 972 2088 ab
984 2057 1126 2095 opinionis
1140 2054 1252 2086 arbitrio
1266 2053 1306 2084 se-

216 2106 333 2141 junctae.
353 2103 518 2140 scientiaque
529 2100 741 2138 comprehensae.
764 2099 820 2128 Cic.
837 2107 860 2127 1.
872 2097 907 2126 de
917 2096 994 2126 Orat.
1010 2100 1070 2129 108.
1091 2110 1095 2114 ·

195 2142 228 2173 ln
239 2143 331 2171 animo
344 2143 368 2170 ἃ
381 2141 513 2170 memoria
524 2139 570 2168 sibi
579 2137 751 2168 distributum
763 2142 844 2173 atque
855 2132 1088 2172 comprehensum
1098 2131 1205 2169 aliquid
1222 2130 1306 2161 habe·

217 2189 254 2209 re.
277 2180 333 2208 Cic.
346 2179 380 2207 de
394 2179 471 2207 Petit.
484 2176 594 2206 Consul.
608 2185 653 2211 24-

198 2218 296 2247 Animo
306 2217 382 2245 tirme
393 2222 560 2253 conceptum
573 2220 654 2251 atque
668 2210 906 2249 comprehensum.
929 2207 987 2238 Cic.
997 2216 1023 2237 2.
1034 2207 1070 2237 de
1080 2206 1168 2236 Finib.
1180 2209 1205 2236 6.

196 2255 305 2285 Tenere
313 2254 415 2291 aliquid
426 2254 518 2282 animo
533 2249 771 2289 comprehensum.
802 2249 860 2278 Cic.
874 2259 900 2284 4.
913 2247 995 2277 Acad.
1006 2255 1052 2276 21.
1071 2246 1170 2274 Animo
1180 2246 1237 2281 jam
1245 2244 1305 2274 haec

215 2300 341 2322 tenemus
349 2290 548 2327 comprehensa
558 2309 566 2325 ,
588 2298 645 2318 non
656 2287 783 2317 sensibus.

195 2330 279 2359 Sensu
290 2329 527 2366 comprehensum.
567 2327 625 2356 Cic.
640 2335 663 2355 1.
675 2325 756 2355 Acad.
767 2334 812 2360 40.
835 2321 921 2360 Quod
939 2328 1033 2352 autem
1047 2326 1104 2350 erat
1123 2320 1306 2358 comprehen-

214 2367 271 2397 sum
285 2389 293 2401 ,
314 2368 341 2395 id
351 2367 438 2404 ipsum
449 2365 553 2394 sensum
562 2362 735 2402 appellabat:
757 2363 783 2392 &
794 2362 813 2391 si
824 2362 863 2390 ita
875 2366 932 2391 erat
949 2358 1189 2397 comprehensum,
1200 2366 1230 2388 ut
1239 2368 1305 2387 con-

215 2405 279 2435 velli
291 2405 396 2434 ratione
411 2414 468 2433 non
479 2403 567 2441 posset
577 2424 584 2436 ,
607 2401 758 2431 scientiam.

196 2442 415 2478 Comprehensos
426 2463 434 2475 ,
456 2450 505 2478 pro
522 2438 667 2469 Concluso.
705 2438 762 2467 Cic.
774 2447 799 2467 2.
816 2436 851 2465 de
864 2435 952 2465 Finib.
966 2444 1011 2464 20.
1041 2434 1163 2464 Breviter
1178 2443 1304 2471 compre-2

215 2480 301 2547 Ιῆετὲῇε
323 2479 483 2517 gravissimis
498 2477 648 2513 sententiis,
673 2475 744 2514 quasi
766 2474 877 2506 oracula
897 2472 1012 2503 edidisse
1030 2472 1169 2511 sapientiae
1191 2472 1302 2502 dicitur.

238 2529 254 2547 u
277 2527 341 2547 aeus.

197 2555 364 2585 Conclusuin
382 2555 407 2583 &
428 2551 658 2590 comprehensum
677 2551 707 2580 in
725 2549 879 2579 formulam.
918 2549 975 2578 Cic.
991 2558 1042 2586 pro
1059 2547 1139 2578 Rosc.
1165 2547 1245 2577 Com.
1259 2557 1302 2582 ις.

215 2593 330 2622 Perinde
341 2601 372 2621 ac
381 2591 400 2620 si
411 2591 439 2620 in
455 2591 526 2620 hanc
535 2589 682 2619 formulam
700 2587 793 2618 omnia
802 2587 904 2624 judicia
915 2586 1039 2624 legitima
1049 2608 1056 2621 ,
1078 2587 1172 2615 omnia
1194 2585 1305 2615 arbitria

218 2630 362 2660 honoraria
371 2651 379 2664 ‚
398 2629 491 2658 omnia
501 2627 591 2657 officia
600 2627 750 2656 domestica
759 2625 887 2655 conclusa
901 2625 927 2654 Sc
941 2623 1137 2662 comprehensa
1149 2624 1208 2653 sint.

160 2669 182 2699 C
192 2679 237 2736 (ligi
247 2678 261 2696 i>
270 2678 284 2696 ir
296 2677 310 2697 iz
318 2677 339 2696 ii
349 2677 363 2696 iz
371 2676 390 2696 N
398 2676 410 2695 s
418 2677 427 2695 i
437 2675 454 2696 o
463 2687 471 2701 ‚
493 2667 563 2695 onis.
584 2665 601 2694 s.
625 2663 815 2700 [κφπέληψιε]
836 2663 926 2693 Latior
939 2661 1160 2700 comprehensio.
1181 2660 1303 2699 Quintil.

208 2717 214 2735 i
237 2728 243 2735 .
257 2714 282 2735 2.
295 2715 325 2735 ca
348 2727 355 2734 .
371 2715 396 2739 ς.

196 2716 410 2780 Compreli'ensio
419 2741 488 2770 faria
499 2739 627 2770 sensibus.
648 2739 706 2769 Cic.
719 2748 742 2768 1.
756 2738 835 2768 acad.
849 2745 894 2774 42.

196 2781 338 2818 Perceptio
353 2781 379 2809 ἃ
389 2778 606 2816 comprehensio.
628 2777 687 2806 Cic.
697 2787 723 2811 4.
740 2776 821 2805 Acad.
837 2785 897 2805 101.

196 2819 282 2848 Certae
295 2818 434 2847 sententiae
448 2815 666 2853 comprehensio.
688 2813 805 2851 Quintil.
818 2813 864 2843 lib.
880 2824 903 2849 ς.
917 2822 977 2851 cap.
993 2821 1035 2841 10.

196 2856 383 2893 Cogitationes
396 2853 712 2892 comprehensionesque
722 2861 820 2881 rerum.
846 2851 903 2881 Cic.
917 2859 940 2888 3.
955 2850 990 2880 de
1002 2846 1090 2879 Finib.
1110 2857 1155 2886 49.

196 2894 347 2923 Verborum
362 2891 572 2930 comprehensio
584 2912 592 2925 ,
614 2891 631 2919 i.
647 2899 671 2920 e.
693 2889 831 2918 Periodus.
873 2888 930 2918 Cic.
943 2889 971 2918 in
988 2888 1066 2917 Orat.
1081 2896 1141 2923 149.
1176 2884 1302 2916 Colloca-

215 2931 405 2967 bunturigitur
417 2930 513 2964 verba,
534 2934 619 2958 autut
628 2928 699 2957 inter
710 2926 736 2955 se
749 2936 829 2964 quam
849 2926 984 2964 aptissime
1002 2926 1158 2955 cohaereant
1176 2931 1301 2954 extrema

214 2969 379 3006 cumprimis
391 2989 398 3002 ,
419 2976 505 3004 eaque
526 2966 577 2995 sint
597 2975 678 3002 quarn
695 2964 854 2994 suavissimis
872 2963 1003 2993 vocibus:
1024 2970 1070 2992 aut
1087 2969 1119 2992 tit
1135 2963 1223 2991 forma
1244 2962 1302 3000 ipsa

211 3005 434 3041 concinnitasque
449 3004 597 3034 verborum
610 3001 739 3032 conficiat
749 3002 845 3031 orbem
863 3001 956 3031 suuni:
979 3007 1025 3030 aut
1041 3007 1071 3030 ut
1091 3000 1301 3038 comprehensio

213 3043 462 3079 numerose&aptc
473 3042 561 3071 cadat.
601 3039 719 3077 Quintil.
737 3039 785 3068 lib.
798 3049 823 3074 9.
836 3048 896 3077 cap.
909 3038 958 3067 ult.
981 3038 1095 3067 Periodo
1117 3038 1236 3075 plurima
1252 3047 1302 3067 no-

213 3083 286 3110 mina
316 3081 362 3110 dat
392 3080 489 3110 Cicero
498 3101 506 3115 ,
530 3078 665 3108 ambitum
682 3099 689 3113 ‚
710 3077 856 3106 circuitum
866 3098 873 3111 ,
894 3076 1169 3113 comprehensionem
1180 3098 1188 3112 ,
1213 3075 1302 3105 conti-

214 3120 373 3147 nuationem
384 3140 392 3152 ‚
413 3117 705 3154 circumscriptionem.
747 3114 779 3143 V.
801 3124 815 3143 1³
825 3123 862 3142 iia
873 3123 907 3142 io
916 3123 933 3142 i)
945 3124 962 3142 υ
973 3123 994 3142 s.

197 3155 410 3192 Coniprehenfio
423 3157 447 3184 Sc
459 3155 576 3183 ambitus
587 3153 634 3183 ille
649 3153 797 3183 verborum
817 3151 854 3187 (si
871 3151 908 3181 sic
928 3151 1076 3189 periodum
1094 3151 1228 3189 appellari
1243 3150 1302 3189 pla-

215 3194 278 3228 cet)
298 3195 348 3223 &e
371 3193 428 3222 Cic.
438 3193 473 3221 de
485 3192 555 3222 Clar.
565 3191 641 3221 Orat.
657 3195 718 3220 162.

197 3231 289 3267 Aliqua
300 3230 544 3268 comprehensione
554 3229 703 3258 dissentire.
723 3225 842 3264 Quintil.
853 3226 901 3256 lib.
915 3233 940 3262 7.
951 3235 1013 3264 cap.
1025 3236 1052 3261 4.

197 3268 426 3305 Comprehensio,
446 3277 495 3304 pro
506 3267 678 3296 indicatione
687 3265 729 3294 vel
740 3264 967 3295 manifestatione.
1009 3263 1066 3292 Cic.
1079 3271 1104 3292 2.
1117 3262 1234 3300 Philipp.
1255 3268 1298 3297 18·

215 3304 383 3372 Namsquum
399 3304 606 3342 comprehensio
619 3303 756 3339 sontium,
777 3312 858 3332 mea:
880 3301 1076 3332 animadversio
1087 3322 1095 3337 ‚
1115 3301 1230 3330 Senatus
1242 3301 1300 3330 fue-

216 3350 249 3371 rit
312 3352 335 3371 c.

196 3365 417 3417 Com'prehensio,
428 3378 575 3408 aliter.Cic.
583 3376 796 3412 i.llcad.4o.Sed
811 3386 898 3414 quum
905 3382 1051 3414 acceptum
1062 3377 1118 3412 jam
1129 3376 1155 3405 &
1164 3375 1299 3413 approba-

214 3423 271 3445 tum
279 3417 352 3450 esset,
362 3416 757 3454 (subaudiComprehensibile)
764 3414 1039 3453 comprehensionem
1047 3413 1219 3452 appellabat:
1231 3413 1300 3443 sinii-

215 3453 268 3482 lem
279 3455 310 3482 iis
323 3454 401 3484 rebus
413 3465 470 3491 quae
483 3464 565 3483 manu
574 3454 821 3492 prenderentur,ex
832 3463 886 3490 quo
898 3453 981 3482 etiarn
992 3460 1095 3481 nomen
1106 3451 1160 3480 hoc
1171 3451 1295 3480 duxerat.

196 3489 339 3533 Devineire
351 3492 592 3529 comprehensione
604 3491 692 3520 verba.
724 3491 782 3520 Cic.
793 3491 827 3520 de
839 3490 909 3520 Clar.
923 3489 1000 3520 Orat.
1015 3500 1075 3525 ¹40·
1098 3489 1208 3526 Legitur
1218 3488 1300 3518 Com.

216 3528 348 3564 preslione
362 3529 387 3557 in
400 3529 558 3565 quibusdam
572 3529 724 3557 codicibus.

161 3564 183 3595 C
192 3576 208 3593 o
217 3575 256 3593 mr·
268 3576 281 3593 i<
291 3575 304 3594 ri
313 3575 331 3594 ir
344 3575 382 3609 ¹³.N
392 3575 404 3594 s
416 3577 421 3593 ι
435 3569 490 3595 izit.
502 3577 510 3594 i
521 3577 532 3595 s
541 3588 548 3600 ,
569 3575 593 3595 e.
616 3563 812 3601 [κμταληπῗέε]
834 3564 890 3594 Cic.
903 3574 925 3594 1.
939 3565 1020 3594 Acad.
1035 3575 1078 3599 40·
1102 3563 1133 3594 ld
1150 3569 1243 3593 autem
1261 3563 1299 3593 vi·

199 3603 256 3631 sum
268 3602 443 3645 quumipsum
453 3603 533 3639 perse
544 3609 700 3632 cerneretur
710 3623 718 3637 ,
738 3612 799 3632 com
824 3602 993 3632 rehensibile.
1033 3602 1088 3631 Sed
1107 3602 1204 3631 Parcus
1215 3602 1299 3631 Com·

200 3639 388 3677 prehtndib'ile
405 3640 596 3673 ibileuendum
608 3641 696 3673 dicit,
717 3641 789 3669 &ita
835 3640 860 3669 S.

199 3675 295 3719 Oculis
304 3677 560 3713 comprehensibilia.
582 3678 643 3707 Seri.
656 3677 756 3712 Quaest.
774 3677 835 3706 Nat.
848 3680 873 3706 6.
886 3686 929 3712 24.
938 3688 979 3715 pr.
991 3676 1144 3712 Quomodo
1158 3676 1242 3705 intret
1251 3675 1299 3706 hic

217 3714 332 3750 spiritus,
353 3722 440 3757 utrum
460 3715 814 3757 iettenuiaforaminamec
827 3715 917 3743 oculis
931 3713 1200 3752 comprehensibilia.
1222 3714 1296 3743 conf.

218 3751 340 3780 MiOCl'Ob.
351 3752 458 3779 somn*
468 3753 520 3788 esp,
538 3762 558 3780 Ι,
574 3762 596 3780 2,
612 3756 636 3781 ὅ(
652 3752 751 3781 Afnob„
765 3763 785 3781 Ι.
799 3763 825 3790 p·
841 3759 883 3789 37.

161 3788 208 3817 Co
217 3799 235 3816 Μ
247 3798 258 3815 Ρ
269 3798 282 3815 r<
294 3798 307 3815 r.
317 3797 334 3815 Η
346 3797 358 3815 iz
370 3797 387 3815 N
398 3796 450 3819 so,
470 3790 525 3830 sire.
546 3789 680 3825 frequent.
702 3789 798 3818 Claud.
817 3789 954 3826 Quadrig.
972 3788 1046 3827 apud
1066 3788 1193 3819 Priscian.
1215 3788 1298 3818 Com.

198 3824 359 3862 prehensare
368 3824 428 3853 suos
439 3825 563 3860 quisque,
584 3826 686 3854 servare
698 3847 707 3860 ,
726 3826 892 3863 amplexare,

160 3863 407 3894 Coriraussio,
430 3861 686 3894 Conraizssus,
708 3863 737 3891 V.
761 3872 964 3893 comprimo,

159 3899 180 3929 C
190 3910 234 3929 eu
244 3910 256 3928 e
265 3902 329 3928 irim
337 3909 346 3927 i
355 3908 367 3927 s
378 3920 386 3933 ,
406 3898 482 3928 idem
496 3899 570 3934 quod
582 3898 724 3936 imprimis.
747 3899 804 3930 Cic.
813 3910 864 3937 pro
873 3901 971 3938 Quint.
984 3909 1028 3937 24.
1050 3900 1079 3931 L.
1096 3900 1192 3932 Albius
1201 3922 1210 3938 2
1231 3901 1295 3933 Sex.

1746 78 1775 112 C
1873 79 1908 114 O
2008 82 2046 115 M

1390 159 1420 204 F.
1434 159 1552 198 Quirina
1562 180 1571 194 ,
1591 158 1746 203 vir'bonus,
1769 160 1795 189 &
1809 161 1971 197 comprimis
1983 160 2123 192 honestus.
2162 162 2233 199 [Sed
2244 162 2344 193 rectius
2355 162 2442 193 divise
2450 163 2512 192 scri-

1388 199 1464 227 bitur
1479 197 1550 226 Cum
1563 206 1660 234 primis
1675 218 1683 231 ‚
1705 202 1734 225 ut
1746 198 1771 226 δι
1784 196 1814 226 ln
1828 198 1933 234 primis.

1353 236 1375 266 C
1387 247 1402 266 o
1414 248 1434 265 Μ
1444 236 1500 264 eui
1511 246 1531 263 M
1541 244 1558 263 o
1570 255 1577 268 ,
1599 234 1767 270 [σνμπιέζω.
1784 240 1866 270 witigo
1878 256 1886 270 ,
1900 236 1998 270 ἐφίςημι
2008 258 2017 272 ‚
2034 236 2187 274 zamrim,
2200 234 2325 273 corsua]
2346 240 2399 268 ere.
2422 239 2512 268 Simul

1389 280 1524 313 premere·
1545 271 1631 300 Plaut.
1645 271 1739 300 Pseud.
1755 281 1779 307 3.
1798 282 1821 300 1.
1836 282 1881 302 21.

1473 310 1664 346 Comprimere
1681 309 1780 339 dentes
1790 310 1888 339 videor
1898 310 1975 348 posse
1983 311 2076 349 aliquo
2090 313 2185 341 modo.

1392 347 1697 391 Alvumncpmpriinere.
1737 346 1807 376 Cels.
1821 347 1868 377 lib.
1880 351 1906 377 6.
1920 357 1982 387 cap.
1993 355 2036 384 18.
2058 350 2088 379 In
2104 350 2159 379 hoc
2170 356 2262 379 autem
2277 350 2339 379 casu
2349 360 2440 387 neque
2447 352 2514 382 acri·

1411 388 1461 429 bus
1472 386 1541 414 cibis
1556 384 1692 427 utendum
1703 406 1711 418 ,
1733 394 1824 428 neque
1837 384 1937 422 asperis
1951 408 1960 421 ,
1980 396 2072 424 neque
2086 387 2181 417 alvum
2192 389 2452 426 comprimentibus.

1392 424 1520 454 Animam
1534 431 1728 458 comprimere.
1761 432 1778 451 i.
1791 432 1815 451 e.
1838 423 2008 454 Anhelitum.
2030 425 2095 454 Ter.
2108 425 2218 455 Phorm.
2233 437 2257 461 ς.
2269 429 2296 456 6.
2316 431 2360 458 28.

1472 459 1608 503 Suspenso
1618 459 1704 495 gradu
1716 459 1828 496 placide
1839 460 1878 489 ire
1885 463 1996 498 perrexi
2011 484 2019 497 ,
2040 463 2138 492 accessi
2150 486 2158 498 ,
2179 463 2271 493 astiti:

1473 500 1600 527 Animam
1615 497 1778 534 compressi:
1801 507 1896 527 aurem
1911 500 2046 534 admovi,
2066 501 2105 530 ita
2115 501 2243 530 animum
2257 501 2334 540 coepi
2347 500 2498 532 attendere.

1392 537 1510 566 Arenam
1520 535 1584 564 saxo
1594 534 1760 572 compressit.
1782 535 1884 565 Lucan.
1902 536 1951 566 lib.
1965 542 1991 570 8.
2003 547 2068 574 790.

1393 573 1511 603 Dorsum
1524 572 1849 616 animalis-comprimere
1857 573 1995 604 manibus.
2018 574 2154 605 Columel.
2165 576 2214 606 lib.
2229 586 2255 606 2.
2267 587 2329 613 cap.
2345 585 2369 614 3.

1392 611 1504 642 Florem
1513 617 1675 648 comprimit
1684 611 1752 640 rosa.
1794 611 1810 640 i.
1823 620 1847 640 e.
1871 612 1954 648 Quasi
1970 613 2045 643 intus
2055 613 2157 651 premit
2172 615 2344 644 &recondit.
2384 614 2453 644 Plin.
2464 614 2515 644 lib.

1414 659 1457 678 12.
1471 658 1531 686 cap.
1546 659 1556 676 1
1566 658 1588 677 i.
1609 648 1654 691 ,Est
1668 649 1693 677 δι
1704 648 1756 677 alia
1770 648 1863 678 similis
1875 671 1883 685 ,
1904 650 2028 679 foliosior
2038 657 2133 680 tamen
2143 673 2152 686 ,
2173 651 2298 689 roseique
2309 650 2384 682 floris
2401 675 2408 688 ‚
2430 661 2516 690 quem

1412 688 1499 716 noctu
1507 695 1697 723 comprimens
1710 708 1717 721 ,
1739 687 1846 724 aperire
1857 688 1962 726 incipit
1975 688 2039 718 solis
2048 695 2158 719 exortu.
2190 689 2217 719 h.
2230 699 2256 720 e.
2278 690 2364 727 Quasi
2373 691 2447 720 intus
2454 700 2516 728 pre-

1411 734 1491 753 mens
1505 726 1530 753 ἅ
1540 723 1704 753 recondens.

1394 761 1510 793 Gressus.
1533 761 1561 791 h.
1573 771 1596 790 e.
1619 761 1742 791 Gradum
1751 761 1849 792 sistere.
1871 762 1943 800 Virg.
1955 765 1981 793 6.
2001 764 2064 794 AEn.
2077 770 2141 800 339.

1419 839 1423 843 ·
1476 800 1557 834 Fare,
1581 809 1652 842 age,
1674 799 1741 835 quid
1750 801 1858 830 venias:
1880 801 2048 835 jaminstinc
2059 803 2253 839 &comprime
2265 803 2375 841 gressus.

1394 836 1529 875 Linguam
1541 846 1726 874 conprimere
1741 837 1834 868 alicui.
1863 838 1948 869 Plaut.
1958 840 2060 877 Amph.
2074 850 2097 869 1.
2114 851 2136 869 1.
2149 849 2210 876 192.

1394 876 1482 906 Manu
1494 885 1599 913 compr·
1608 874 1681 919 ,ffum
1692 875 1799 912 aliquid
1810 876 1976 913 exprimere.
1997 875 2108 907 Lucret.
2122 877 2170 908 lib.
2180 882 2207 908 6.
2220 881 2284 912 866.

1395 914 1497 943 Manus
1513 922 1698 957 comprimere
1712 935 1720 949 ,
1740 922 1792 951 pro
1811 913 1963 944 Continere
1975 915 2048 944 dixit
2061 915 2127 946 Ter.
2141 915 2241 947 Heaut.
2253 925 2278 954 3.
2292 924 2373 953 3.29.
2404 915 2519 948 Posthac

1413 957 1593 988 comprimito
1610 960 1718 980 manos.

1395 989 1526 1019 Manibus
1537 987 1697 1032 compressis
1707 987 1820 1025 sedere,
1841 989 1896 1026 est,
1917 989 2047 1020 Otiosum
2062 989 2126 1021 effe.
2165 990 2225 1021 Liv.
2237 1000 2263 1028 7.
2281 1000 2323 1028 ¹3·
2347 991 2402 1022 Cur
2413 998 2518 1022 vetera-

1415 1037 1467 1056 nus
1478 1027 1545 1061 dux,
1565 1026 1727 1070 fortissimus
1740 1026 1826 1063 bello,
1847 1028 2007 1066 compressis
2027 1029 2127 1066 (quod
2143 1029 2241 1064 aiunt)
2261 1030 2390 1060 manibus
2400 1029 2516 1061 sedeas?

1414 1065 1465 1094 Pro
1476 1065 1579 1108 eodem
1590 1063 1694 1094 Lucan.
1710 1064 1757 1108 lib.
1771 1074 1797 1094 ².
1809 1075 1873 1100 292-
1897 1067 2000 1096 Manus
2012 1066 2178 1105 compressas
2195 1073 2290 1098 tenere
2301 1068 2380 1098 dicit.

1396 1103 1437 1132 Os
1449 1111 1644 1140 comprimere.
1669 1101 1751 1132 Ovid.
1769 1106 1795 1132 6.
1809 1103 1879 1134 Met.

1396 1141 1462 1170 Pina
1472 1139 1562 1169 morsu
1572 1140 1735 1178 comprimit
1747 1141 1878 1171 conchas.
1901 1141 1961 1171 Cic.
1971 1150 1998 1171 2.
2009 1142 2045 1171 de
2053 1142 2117 1172 Nat.
2131 1142 2216 1172 Deor.
2234 1151 2296 1179 123.

1396 1178 1578 1222 Stomachum
1589 1179 1774 1222 comprimere
1784 1200 1793 1215 ,
1813 1179 1852 1209 est
1861 1179 1908 1209 Sic
1918 1180 2084 1209 contrahere
2098 1181 2289 1216 stomachum,
2310 1185 2342 1210 ut
2355 1190 2393 1210 ne
2408 1186 2519 1212 evomat

1416 1225 1573 1259 quicquam.
1615 1215 1684 1259 Cels.
1699 1215 1748 1246 lib.
1762 1228 1789 1252 4.
1806 1226 1866 1255 cap.
1883 1229 1907 1254 5.
1931 1218 1966 1247 ad
1977 1217 2063 1247 finem
2074 1219 2174 1256 capitis
2186 1240 2195 1253 ,
2216 1219 2248 1248 ld
2267 1218 2342 1248 enim
2362 1218 2424 1256 plus
2435 1229 2520 1256 quam

1415 1263 1513 1320 vinurp
1524 1254 1559 1283 ad
1570 1255 1817 1292 comprimendum
1832 1256 2004 1285 stomachum
2015 1256 2115 1294 potest.
2149 1256 2177 1286 h.
2189 1266 2214 1287 e.
2235 1256 2278 1286 Ad
2286 1255 2521 1295 supprimendum

1416 1302 1491 1322 vomi
1507 1301 1564 1321 um.

1398 1330 1601 1374 Comprimere,
1617 1338 1667 1374 per
1677 1329 1906 1367 translationem,
1924 1341 1975 1369 pro
1990 1331 2139 1368 Cohibete,
2159 1331 2346 1370 compescere.
2367 1336 2416 1368 ut,
2437 1331 2520 1363 Com-

1417 1377 1537 1406 primere
1547 1367 1694 1397 audaciam
1703 1367 1828 1405 alicujus.
1851 1369 1910 1399 Cic.
1926 1379 1968 1404 ις.
1985 1369 2059 1399 Fam.
2076 1380 2103 1406 4.

1399 1406 1568 1436 Auctoritate
1578 1405 1700 1434 militem
1707 1415 1771 1435 com
1794 1407 1902 1437 timere.
1922 1406 2015 1437 Tacit.
2029 1418 2054 1438 1.
2068 1409 2140 1438 Ann.
2151 1411 2198 1444 4⁶-

1399 1444 1529 1479 Aliquem
1539 1443 1705 1481 comprimi,
1725 1453 1757 1473 ac
1777 1445 1863 1475 edati.
1886 1445 1945 1474 Liv.
1959 1455 1985 1475 2.

1400 1481 1523 1511 Conatus
1534 1482 1672 1511 &furores
1680 1481 1807 1519 alicujus.
1829 1482 1886 1512 Cic.
1899 1493 1927 1513 2.
1944 1483 2003 1513 Off.
2016 1488 2059 1519 58.

1399 1519 1594 1563 Cupiditatem
1602 1519 1768 1557 restinguere
1778 1522 1805 1550 ἃ
1815 1521 2011 1559 comprimere.
2040 1521 2098 1552 Cic.
2107 1520 2138 1550 in
2146 1520 2236 1552 Pison.
2249 1531 2293 1558 59.
2313 1521 2451 1552 Meditare
2459 1521 2520 1559 qui-

1419 1557 1470 1587 bus
1483 1557 1573 1587 verbis
1583 1556 1724 1587 incensam
1732 1557 1807 1588 illius
1819 1560 2006 1597 cupiditatem
2018 1560 2190 1598 comprimas
2199 1566 2283 1598 atque
2292 1560 2452 1598 restinguas.

1398 1595 1584 1625 Ferocitatem
1597 1595 1724 1631 alicujus.
1746 1596 1806 1626 Cic.
1820 1598 1850 1626 in
1863 1597 1953 1627 Vatin.
1967 1607 1994 1628 2.

1399 1633 1502 1663 Fletus.
1524 1633 1611 1663 Ovid.
1623 1633 1659 1662 ad
1669 1633 1800 1671 Liv.467.

1399 1671 1513 1701 Fluctus
1528 1670 1638 1700 insanos
1652 1672 1762 1702 irarum.
1784 1671 1831 1703 Sil.
1845 1671 1894 1702 lib.
1906 1678 1933 1708 8.
1944 1681 1993 1710 32.

1399 1710 1479 1740 Iram.
1500 1710 1567 1739 Stat.
1578 1713 1603 1739 6.
1618 1709 1709 1740 Theb.
1723 1719 1785 1747 399.

1400 1747 1535 1778 Laetitiam
1547 1747 1728 1778 exultantem.
1750 1748 1810 1778 Cic.
1823 1748 1852 1778 in
1861 1748 1963 1788 Topic.
1975 1750 2022 1783 86.

1400 1785 1552 1823 Lacrymas.
1575 1786 1623 1815 Sil.
1635 1785 1685 1815 lib.
1699 1796 1743 1822 15.
1755 1792 1821 1821 822.

1399 1824 1741 1892 Mmurrtnura⁶comprimere
1750 1834 1820 1855 voce
1831 1834 1973 1862 manuque
1981 1846 1990 1861 ‚
2010 1824 2050 1855 est
2058 1845 2067 1861 ‚
2083 1823 2234 1855 Silentium
2243 1824 2377 1856 indicere.
2399 1824 2483 1857 Ovid.
2491 1833 2518 1856 ι.

1453 1872 1467 1891 e
1484 1872 1539 1891 ,πα
1562 1885 1568 1891 .

1400 1900 1516 1930 Oculos.
1537 1899 1623 1931 Ovid.
1638 1910 1661 1930 1.
1673 1898 1756 1938 Epist.
1771 1908 1835 1931 102.

1399 1938 1533 1967 Plausum.
1558 1938 1617 1968 Cic.
1631 1948 1683 1976 pro
1693 1939 1786 1969 Deiot.
1801 1948 1845 1976 34.

1399 1976 1564 2006 Praesidium.
1585 1976 1675 2006 Tacit.
1688 1985 1712 2012 3.
1727 1978 1797 2007 Ann.
1806 1985 1852 2013 43.

1400 2013 1518 2043 Rabiem
1531 2013 1591 2043 caeli
1608 2014 1752 2052 marisque.
1774 2015 1846 2053 Virg.
1860 2024 1884 2052 ς.
1897 2014 1960 2045 AEn.
1972 2019 2036 2050 802.

1400 2052 1583 2081 Seditionem.
1605 2051 1664 2082 Liv.
1677 2062 1703 2082 2.
1716 2062 1761 2088 23.

1399 2090 1444 2120 Se.
1467 2089 1553 2120 Plaut.
1565 2090 1652 2134 Casiri:
1666 2100 1693 2121 2.
1709 2100 1732 2126 3.
1747 2100 1791 2126 32·

1508 2166 1513 2172 ,
1529 2143 1566 2149 -
1576 2128 1695 2164 oheJam
1705 2128 1786 2165 satis,
1807 2138 1878 2159 uxor
1888 2150 1897 2164 ,
1918 2129 1957 2159 est
1969 2150 1978 2164 ,
1997 2128 2153 2167 comprime
2165 2132 2195 2159 te
2208 2137 2216 2158 :
2236 2127 2358 2158 nimium
2369 2128 2466 2158 tinnis.

1400 2165 1576 2204 Comprime,
1596 2165 1712 2196 subaudi
1732 2166 1783 2197 Te.
1795 2166 1881 2197 Plaut.
1893 2166 1978 2197 Truc.
1988 2176 2015 2197 2.
2027 2176 2053 2197 2.
2065 2171 2092 2197 6.

1481 2204 1587 2233 Atvolo
1597 2204 1665 2248 scire
1674 2227 1682 2240 ‚
1698 2205 1772 2245 *quid
1782 2205 1899 2235 debetur
1907 2205 1955 2234 hic
1966 2205 2018 2234 tibi
2028 2205 2124 2234 nostrae
2135 2204 2224 2234 dorni.
2251 2214 2282 2235 A.
2302 2202 2468 2242 comprime.

1399 2240 1425 2271 T
1428 2241 1470 2285 ela
1483 2251 1566 2271 manu
1577 2263 1585 2276 ,
1605 2252 1623 2271 1.
1635 2251 1660 2272 e.
1682 2242 1749 2272 Noli
1759 2243 1881 2279 jaculari.
1901 2244 1969 2273 Stat.
1982 2252 2024 2274 11.
2038 2242 2130 2273 Theb.
2142 2251 2186 2280 33.

1399 2279 1551 2309 Timorem.
1573 2279 1632 2310 Cic.
1649 2291 1701 2319 pro
1715 2281 1808 2310 Domo
1820 2291 1882 2317 140.

1397 2316 1581 2353 Tumultum,
1603 2319 1620 2348 i.
1635 2328 1659 2348 e.
1681 2319 1858 2357 Opprimere.
1879 2318 1970 2349 Tacit.
1983 2329 2012 2355 4.
2024 2317 2095 2349 Hist.
2107 2320 2151 2349 16.

1397 2355 1539 2385 Vocem&
1553 2357 1719 2386 orationem.
1743 2357 1830 2387 Plaut.
1840 2356 1935 2387 Pseud.
1955 2367 1979 2386 1.
1996 2367 2023 2392 4.
2039 2360 2082 2386 16.

1491 2393 1545 2423 Sed
1557 2395 1771 2432 comprimenda
1785 2395 1824 2424 est
1832 2395 1903 2424 mihi
1911 2404 1967 2425 vox
1980 2400 2062 2431 atque
2073 2394 2173 2423 oratio.

1398 2431 1495 2462 Versus
1505 2433 1691 2475 comprimere
1701 2432 1847 2462 ordinibus
1856 2454 1865 2467 ,
1886 2433 1924 2462 est
1939 2431 2036 2462 Versus
2049 2432 2221 2469 conjungere
2231 2430 2346 2469 angusto
2355 2429 2455 2461 ordine
2463 2451 2473 2467 ‚
2491 2431 2519 2462 ἃ

1418 2479 1500 2508 quam
1510 2470 1783 2506 minimointerjeeto
1794 2470 1890 2508 spatio.
1913 2470 1997 2500 Ovid.
2014 2480 2039 2500 1.
2052 2472 2142 2500 Amor.
2159 2480 2170 2498 1
2179 2479 2202 2499 1.
2213 2478 2260 2499 22.

1492 2507 1666 2545 Compriniat
1676 2508 1822 2538 ordinibus
1835 2507 1926 2538 versus
1937 2529 1947 2544 ,
1967 2507 2119 2545 oculosque
2129 2513 2254 2538 moretur

1526 2545 1654 2583 Margine
1671 2547 1699 2576 in
1711 2553 1837 2576 extremo
1846 2546 1939 2576 littera
1949 2545 2005 2576 rasa
2013 2555 2101 2576 meos.

1397 2581 1483 2612 Terra
1496 2593 1556 2619 quae
1566 2585 1864 2622 comprimiturfretis,
1885 2584 1985 2615 Insula.
2005 2584 2070 2614 Sen.
2082 2583 2199 2622 Hippol.
2216 2592 2260 2612 ιο.

1397 2621 1606 2665 Cpmprimere,
1627 2632 1677 2665 pro
1688 2623 1877 2666 Supprimere.
1917 2622 1976 2652 Cic.
1990 2631 2014 2658 3.
2034 2624 2088 2651 Att.
2103 2631 2144 2651 12.
2163 2621 2262 2659 Scripsi
2269 2620 2401 2656 equidem
2410 2619 2479 2650 olim
2490 2619 2518 2650 ei

1417 2666 1518 2694 iratus,
1540 2659 1616 2696 quod
1629 2659 1678 2689 ille
1695 2670 1770 2698 prior
1780 2659 1939 2698 scripserat:
1960 2660 2008 2690 sed
2025 2661 2063 2690 ita
2073 2659 2289 2698 compresseram
2302 2680 2311 2695 ,
2332 2665 2363 2688 ut
2373 2667 2518 2695 nunquam

1416 2705 1605 2726 emanaturam
1617 2704 1752 2734 putarem.
1786 2697 1914 2728 Budaeus.

1398 2731 1529 2778 Fam-am',
1550 2736 1738 2772 Supprimere.
1768 2735 1825 2766 Liv.
1840 2735 1889 2766 lib.
1903 2741 1948 2766 26.
1959 2740 2030 2765 extr.
2052 2733 2318 2772 Carthaginiensium
2330 2734 2416 2763 duces
2425 2733 2518 2771 primo

1418 2782 1453 2803 ex
1462 2773 1593 2802 industria
1602 2773 1703 2803 famam
1714 2780 1801 2811 captae
1810 2773 1986 2811 Carthaginis
1994 2772 2214 2811 compresserunt
2224 2782 2231 2801 :
2253 2772 2361 2802 Deinde
2375 2778 2408 2801 ut
2417 2771 2516 2802 clarior

1417 2820 1459 2840 res
1468 2817 1526 2854 erat
1536 2833 1543 2846 ,
1561 2821 1642 2848 quam
1654 2819 1684 2841 ut
1695 2813 1750 2849 tegi
1760 2821 1793 2841 ac
1803 2811 1963 2842 dissimulari
1973 2809 2061 2848 posset
2071 2833 2079 2846 ,
2100 2811 2247 2840 elevabant
2256 2810 2355 2839 verbis.

1398 2847 1590 2893 Comprimere
1606 2850 1741 2887 virginem
1753 2871 1761 2883 ,
1783 2849 1902 2879 Violare.
1942 2849 2001 2878 Liv.
2017 2858 2039 2878 1.
2052 2860 2078 2884 4.
2105 2847 2265 2885 Compressa
2282 2847 2409 2882 Vestalis,
2431 2855 2517 2884 quum

1417 2896 1560 2925 geminum
1575 2895 1686 2924 partum
1697 2887 1842 2922 edidisset,
1864 2889 1918 2917 &c.
1939 2887 2014 2916 cons.
2037 2886 2124 2916 Plaut.
2135 2886 2221 2916 Truc.
2232 2896 2259 2916 2.
2271 2894 2298 2915 2.
2307 2890 2334 2920 8.
2362 2885 2427 2915 Ter.
2444 2885 2516 2915 Hec.

1418 2936 1442 2960 5.
1456 2933 1481 2961 3.
1493 2933 1536 2960 30.
1561 2925 1723 2961 Hincjocus
1735 2935 1769 2954 ex
1781 2925 1911 2963 ambiguo
1923 2946 1931 2960 ‚
1953 2923 2039 2954 Plaut.
2051 2924 2174 2962 Amphit.
2188 2934 2211 2953 1.
2224 2933 2248 2953 1.
2260 2932 2322 2958 ¹9²-

1477 2962 1533 3000 Ego
1543 2963 1592 2992 tibi
1604 2963 1680 2992 istam
1691 2963 1776 2992 hodie
1786 2963 1925 2992 scelestam
1934 2963 2121 3000 comprimam
2130 2962 2264 2999 linguam.
2277 2971 2317 2991 so.
2330 2960 2405 2991 haud
2416 2966 2515 2999 potes:

1477 3001 1552 3030 Bene
1568 3001 1725 3039 pudiceque
1738 3000 1892 3030 asservatur.
1931 3001 1978 3030 Sic

1396 3038 1587 3082 Comprimere
1595 3039 1732 3076 aliquem,
1749 3038 1929 3068 Silentiumei
1938 3039 2093 3081 imponere.
2115 3037 2201 3067 Plaut.
2212 3037 2358 3074 Rud.4.4.
2370 3045 2415 3072 29.
2433 3035 2516 3066 Com-

1394 3076 1850 3152 rtiiaeedusssgsseifflssssa
1861 3074 2291 3144 §.iassfflsffi‘izg’ssssits’i
2308 3076 2512 3142 rf‘foeffiffima.

1416 3152 1505 3196 Verba
1520 3152 1582 3182 sunt
1598 3153 1701 3187 Naevii,
1723 3152 1846 3189 Quando
1866 3161 1919 3189 ego
1939 3151 2002 3189 plus
2018 3150 2121 3189 sapivi,
2145 3151 2193 3189 qui
2208 3150 2344 3180 fullonem
2366 3147 2515 3187 compressi

1415 3190 1634 3226 quinquatribus.
1673 3190 1787 3220 Monuit
1797 3190 1955 3220 Turnebus.

1358 3228 1545 3259 Coxrrarssus.
1558 3238 1641 3263 a,um.
1655 3227 1753 3258 Partic.
1765 3224 1990 3265 [συνεςωλρῦρΘ]
2001 3232 2040 3260 ut.
2052 3225 2214 3266 Compreffa
2222 3234 2328 3255 manus
2339 3224 2407 3255 V.in
2416 3224 2511 3254 verbo.

1396 3265 1575 3302 Compressus
1587 3274 1668 3303 atque
1679 3266 1772 3296 illisus.
1794 3267 1852 3296 Cic.
1864 3266 1901 3295 de
1916 3265 2008 3302 Arusp.
2020 3264 2102 3302 Resp.
2118 3275 2162 3300 ςς.

1394 3303 1542 3333 Annonam
1555 3303 1737 3342 compressam
1749 3326 1757 3338 ,
1784 3303 1839 3333 Liv.
1854 3309 1897 3338 38.
1911 3312 1954 3338 ις.
1976 3302 2116 3339 eleganter
2126 3310 2217 3334 vocat,
2240 3309 2324 3337 quum
2334 3300 2453 3338 pretium
2464 3308 2513 3336 per

1411 3342 1622 3378 coemptionem
1633 3341 1700 3371 esset
1720 3343 1859 3371 intentum
1875 3342 2051 3376 auQumquc.
2092 3340 2126 3369 Et
2137 3339 2288 3369 duodecim
2299 3359 2308 3371 ‚
2327 3338 2434 3374 inquit,
2454 3337 2512 3374 cly-

1412 3388 1464 3417 pea
1472 3385 1552 3408 aerata
1563 3380 1596 3408 ab
1608 3379 1743 3409 IEdilibus
1757 3379 1910 3413 curulibus,
1932 3378 1958 3407 P.
1974 3377 2103 3412 Claudio,
2124 3379 2151 3407 &
2164 3377 2191 3406 P.
2204 3376 2329 3414 Sulpicio
2340 3374 2437 3410 Galba,
2448 3375 2512 3404 sunt

1412 3417 1498 3454 posita
1513 3426 1548 3446 ex
1566 3419 1686 3455 pecunia
1698 3440 1705 3451 ,
1731 3416 1987 3453 quafrumentarios
1997 3414 2034 3444 ob
2049 3424 2189 3445 annonam
2206 3411 2389 3452 compressam
2401 3412 2513 3443 damna-

1412 3460 1483 3484 runt.
1522 3454 1552 3483 V.
1575 3464 1640 3484 mox
1653 3455 1842 3485 Frumentum.

1393 3491 1551 3521 certamina
1562 3493 1722 3530 compressa.
1747 3492 1857 3530 Virg.4.
1875 3491 1974 3529 Georg.
1987 3496 2033 3528 87.

1392 3529 1521 3559 Caesaries
1532 3530 1686 3568 compressa
1697 3540 1790 3560 manu.
1813 3528 1916 3559 Lucan.
1927 3535 1952 3563 8.
1963 3531 2027 3564 681.

1392 3567 1572 3597 Frumentum
1588 3567 1708 3598 clausum
1720 3569 1744 3598 δι
1755 3566 1940 3605 compressum
1952 3566 2099 3603 possidere.
2113 3564 2178 3595 Cic.
2192 3573 2217 3600 ς.
2232 3563 2307 3594 Verr.
2319 3566 2365 3601 63.

1392 3605 1571 3634 Frumentum
1584 3605 1698 3643 aliquod
1712 3612 1807 3635 tenere
1819 3605 2013 3642 compressum·
2033 3604 2091 3634 Cic.
2099 3613 2150 3641 pro
2162 3602 2254 3632 Domo
2269 3611 2311 3638 14.

1391 3641 1515 3679 Impetus
1526 3643 1704 3681 compressus.
1731 3642 1800 3679 Virg.
1814 3652 1839 3672 2.
1852 3642 1914 3673 AEn.
1927 3652 1970 3679 73.

1392 3679 1485 3709 Labris
1496 3681 1656 3718 compressis
1667 3682 1769 3719 agitare
1780 3681 1871 3710 secum
1880 3679 1994 3717 aliquid.
2016 3678 2084 3708 Hor.
2100 3687 2124 3707 1.
2135 3677 2221 3706 Serm.
2233 3688 2260 3712 4.
2275 3682 2337 3711 138.

1392 3718 1493 3747 Manus
1504 3718 1531 3746 in
1545 3727 1677 3755 pugnum.
1702 3718 1821 3755 Qiintil.
1839 3717 1888 3748 lib.
1902 3727 1927 3748 2.
1941 3726 2001 3755 cap.
2014 3726 2059 3746 21.
2082 3715 2112 3746 V.
2132 3713 2233 3753 inipso
2245 3714 2340 3744 verbo.

1391 3755 1488 3785 Nares.
1510 3754 1613 3785 Lucret.
1632 3760 1657 3785 6.
1674 3766 1752 3791 1191.

1390 3791 1511 3822 Naribus
1520 3793 1678 3830 compressis
1688 3793 1826 3823 osculaeri
1850 3803 1896 3823 ere
1905 3792 1996 3822 alicui.
2016 3789 2112 3820 Tibul.
2125 3789 2173 3819 lib.
2185 3798 2211 3819 2.
2225 3799 2249 3824 ς.
2261 3798 2306 3825 92.

1390 3829 1508 3860 Naribus
1521 3832 1681 3868 compressis
1690 3832 1788 3867 Jovem
1801 3831 1826 3861 sa
1840 3838 1906 3860 utat.
1930 3828 2047 3860 martial.
2066 3837 2107 3857 12.
2118 3833 2162 3863 78.

1390 3868 1523 3936 Νὲιωὲεὲτι
1532 3867 1649 3905 alicujus
1660 3868 1802 3906 vitiosam,
1824 3869 1980 3899 edomitam
1990 3868 2018 3897 &
2029 3864 2211 3904 compressam
2229 3863 2283 3894 esse
2294 3863 2429 3894 doctrina.
2448 3861 2509 3893 cic.

1431 3913 1447 3935 e
1479 3914 1494 3936 a
1508 3914 1525 3934 0
1542 3914 1585 3936 10.

2413 3935 2509 3972 Oculi

2590 2900 2604 3117 τηιιῖΑἲῖ-αᾈ,
2592 2611 2604 2890 „samm
2595 2555 2604 2607 ..Α-η.
2596 2338 2604 2550 —.<-—42—
2598 2317 2600 2323 -
2603 2288 2604 2304 „a
