2600 4177
531 79 560 115 C
659 82 693 117 O
790 80 818 118 L
1075 129 1088 149 b

122 155 269 195 occupare
282 159 400 189 coloniis
409 160 552 197 regionem
567 162 696 196 aliquam.
737 162 794 192 Cic.
810 173 831 193 i.
851 163 885 193 de
894 163 966 200 Lege
982 165 1042 202 Agr.
1063 168 1106 194 16.
1141 164 1244 194 Totam

141 194 394 226 Italiaminermem
413 199 560 228 tradituros
572 200 748 234 existimasti,
770 211 852 237 quain
871 203 1001 238 praesidiis
1024 203 1240 237 confirmaretis,

139 232 258 263 coloniis
268 236 582 272 occuparetis,0mnibus
592 237 691 266 vinclis
704 238 861 267 devinctam
874 244 900 268 ὁζ-
914 241 1087 269 constrictam
1099 242 1240 269 teneretis.

123 269 271 336 OXcupare
282 272 436 310 municipia
455 275 480 302 ἃ
498 280 604 303 veteres
618 275 745 304 colonias
764 277 843 305 novis
857 277 975 306 colonis.
998 278 1057 307 Cic.
1072 287 1099 308 2.
1124 278 1159 306 de
1170 277 1242 315 Lege

185 318 204 336 r.
217 312 261 341 86.

121 317 266 382 Peiigrare
280 352 470 376 veteranorum
485 347 617 376 colonias.
640 348 699 378 Cic.
712 358 736 378 2.
749 349 849 388 Philip.
867 361 928 380 100.

122 381 258 412 Proficisci
271 385 298 412 in
310 385 441 413 colonias.
465 385 523 413 Cic.
539 395 589 422 pro
600 386 701 415 Caecin.
717 393 762 421 98.

122 419 232 486 Tlenere
244 422 398 450 libertatem
409 422 507 460 populi
519 422 572 453 suis
586 423 718 461 praesidiis
730 428 755 455 oz
766 426 885 455 coloniis
899 426 1084 456 interclusam.
1096 426 1156 456 Cic.
1166 434 1193 456 2.
1206 426 1243 456 de

165 467 179 486 e
201 467 215 486 e
231 460 247 487 A
270 469 287 487 r.
336 481 343 488 .

123 468 417 530 Colffnia'ginzzrdum
443 497 653 535 Agricolationis
673 499 785 533 locum,
813 500 979 538 aratorisque
997 501 1137 530 officinam
1152 503 1176 531 ἃ
1193 501 1244 530 do-

141 533 276 562 micilium
289 533 428 570 fignificat.
472 536 544 565 Paul.
569 538 597 566 in
615 537 632 566 l.
652 547 753 573 quaero.
776 538 798 574 §.
822 538 919 567 Paulus
938 539 1087 576 respondit.
1113 539 1145 568 D.
1159 539 1242 568 locat.

141 571 242 599 Servus
254 592 262 605 ,
283 572 328 606 qui
341 571 488 602 aestimatus
497 574 615 604 coloniae
626 574 758 611 ascriptus
767 575 804 603 est
817 596 825 608 ,
847 576 880 604 ad
894 577 1047 612 periculum
1069 577 1163 606 coloni
1183 587 1247 614 per-

139 608 250 636 tinebit.
291 608 369 638 Idem
384 610 412 638 in
423 610 440 640 l.
457 611 475 640 si
487 612 515 639 in
527 611 597 649 lege.
619 613 640 649 ς.
654 613 781 641 colonus.
806 612 841 641 D.
860 613 942 642 locat.
967 615 1037 643 Nam
1050 616 1075 643 &-
1087 615 1134 651 qui
1147 614 1245 650 expul-

138 645 183 674 sus
193 655 208 674 a
217 645 407 676 conductione
419 670 427 684 ,
449 649 476 677 in
491 649 571 678 aliam
587 651 613 679 se
629 650 769 678 coloniam
781 651 914 685 contulit,
933 661 991 680 non
1003 652 1163 681 suffecturus
1175 654 1243 681 dua-

142 683 212 718 buS‚
233 693 343 719 neque,
359 686 411 715 διο.
435 686 560 716 Budaeus.
603 688 645 717 Est
663 688 745 719 igitur
758 687 896 723 Colonia,
917 696 1051 725 quantum
1068 689 1162 719 villico
1185 689 1247 718 sub-

139 721 243 756 jicitur·
281 721 419 752 Columel.
435 723 483 754 lib.
504 734 547 754 ii.
562 735 622 764 cap.
643 721 803 755 isVillicus
817 735 872 753 non
884 726 979 755 urbem
990 749 998 761 ,
1019 737 1076 756 non
1092 727 1160 756 ullas
1175 736 1246 755 nuri-

141 759 220 788 dinas
231 780 238 792 ,
261 759 310 788 nisi
325 761 478 791 vendendae
490 770 538 792 aut
548 763 674 792 emenda*
685 763 723 791 rei
733 762 888 792 necell'ariae
900 764 977 793 causa
989 787 996 797 ,
1017 765 1242 806 irequeiitaverit.

140 796 240 833 Neque
251 798 326 826 enim
340 798 457 830 coloniae
470 800 521 830 suae
533 801 665 830 terminos
676 800 769 837 egredi
780 800 864 829 debet
874 823 882 836 ,
902 811 956 831 nec
972 801 1093 832 absentia
1108 804 1154 831 lua
1165 802 1243 832 fami-

140 833 184 862 liae
196 833 315 864 cessandi
327 843 373 865 aut
383 837 565 875 delinquendi
577 839 694 877 spatium
707 838 782 866 dare.

121 871 248 908 Colonia,
264 883 313 911 per
322 875 515 912 metaphoram
527 899 535 911 ‚
557 886 607 914 pro
621 876 694 906 Loco
706 876 754 905 ubi
764 875 824 912 quis
835 876 948 906 habitat.
969 876 1054 906 Plaut.
1067 877 1242 915 Epid.3.2.7.

315 928 353 932 -—
361 913 415 942 Sed
426 923 477 951 ego
487 914 553 943 hinc
564 916 679 949 migrare
689 913 761 942 celso
771 935 780 947 ,

202 947 238 977 Ut
250 949 398 987 importem
409 952 437 980 iii
449 951 589 981 coloniam
601 953 676 980 hunc
685 950 806 988 auspicio
818 953 1029 981 commeatum?

84 984 328 1022 C0L6Nicus,
349 998 381 1023 a,
403 999 460 1019 um.
483 990 543 1025 Adj.
566 987 752 1026 [ώπιιιαιιές]
781 997 829 1023 ut,
850 989 992 1019 Colonicae
1019 991 1102 1027 leges.
1125 989 1198 1019 Varr.
1216 998 1241 1020 r.

99 1026 101 1029 “
122 1023 158 1051 de
170 1022 200 1052 R.
215 1023 247 1053 R.
266 1034 317 1062 cap
340 1035 365 1055 2.
391 1027 479 1064 Atque
490 1029 572 1057 etiam
585 1027 660 1064 leges
671 1026 812 1056 colonicas
824 1027 914 1063 tollis,
936 1029 965 1057 in
975 1028 1074 1064 quibus
1087 1027 1241 1064 scribimus,

122 1060 246 1090 Colonus
259 1063 287 1090 in
299 1073 364 1100 agro
377 1063 527 1094 surculario
539 1075 574 1094 ne
584 1075 665 1102 capra
678 1071 774 1093 natum
787 1065 885 1102 pascat.

121 1098 257 1128 Coliortes
267 1100 410 1131 colonicae.
452 1102 516 1132 Caes.
529 1113 555 1133 2.
574 1103 641 1133 Bell.
658 1102 739 1131 Civil.
754 1112 796 1137 19.
816 1103 952 1132 Cohortes
963 1102 1040 1137 duas,
1058 1114 1119 1141 quae
1131 1103 1245 1133 Coloni-

139 1146 179 1202 (ἷκε
187 1137 399 1181 appellabantur
410 1162 418 1176 ,
439 1151 525 1178 quum
535 1151 569 1171 eo
579 1141 640 1171 casu
651 1139 788 1170 veniisent
803 1162 811 1176 ,
833 1141 930 1170 tuendi
952 1142 1051 1179 oppidi
1072 1142 1150 1172 causa
1166 1142 1243 1180 apud

153 1183 167 1203 e
177 1182 300 1205 retinuit.

122 1210 299 1243 Decuriones
313 1215 456 1248 colonici,
476 1217 533 1253 Qui
546 1216 721 1246 coloniarum
732 1215 802 1245 sunt.
839 1216 915 1245 Suet.
937 1217 965 1245 in
986 1217 1097 1254 August.
1120 1227 1180 1255 cap.
1192 1220 1240 1253 46.

137 1249 302 1288 Excogitare
319 1263 421 1289 genere
431 1254 632 1292 suffragiorum,
645 1264 706 1290 quae
723 1254 758 1283 de
779 1254 980 1291 magistratibus
991 1255 1093 1285 urbicis
1108 1255 1242 1285 Decurio-

138 1297 189 1317 nes
204 1289 326 1319 colonici
338 1293 366 1320 in
378 1291 422 1320 sua
434 1293 548 1330 quisque
559 1293 669 1322 colonia
679 1292 800 1326 ferrent,
814 1295 867 1321 otc.

119 1325 257 1356 colonica
268 1330 337 1358 ovis.
375 1329 441 1359 Plin.
459 1331 507 1359 lib.
518 1336 560 1360 26.
574 1340 634 1368 cap.
650 1340 692 1359 ιο.
713 1330 871 1368 Superioris
886 1331 965 1359 radix
976 1331 1004 1359 in
1015 1331 1086 1360 laete
1096 1332 1154 1361 ovis
1166 1330 1242 1360 colo-

139 1365 209 1394 nicae
220 1365 302 1401 data,
323 1377 424 1397 nervos
443 1369 573 1398 intendit.
616 1370 739 1397 Perottus
751 1390 759 1402 ,
782 1368 949 1398 Colonicum
967 1378 1055 1406 genus
1067 1370 1160 1398 ovium
1175 1369 1243 1397 deli-

139 1403 229 1432 catius
240 1425 247 1437 ,
269 1404 296 1433 in
308 1405 414 1442 pascuis
426 1406 542 1444 pascens
553 1428 561 1442 ‚
582 1406 680 1436 &loca
694 1406 779 1443 magis
793 1406 869 1436 culta
887 1414 1021 1444 appetens
1033 1416 1039 1436 :
1062 1407 1138 1437 unde
1158 1407 1242 1437 habet

140 1450 244 1470 nornen
256 1448 286 1471 ut
298 1443 463 1473 Colonicum
475 1444 590 1474 dicatur.
633 1444 663 1474 V.
687 1444 754 1473 Plin.
770 1443 818 1472 lib.
832 1450 858 1478 8.
872 1454 933 1482 cap.
943 1453 990 1480 47.

83 1476 130 1507 Co
141 1489 156 1506 L
165 1482 182 1507 ὃ
191 1488 210 1507 Ν
222 1481 258 1508 ic
270 1490 287 1508 υ
298 1492 318 1509 Μ
330 1503 337 1515 ,
358 1482 376 1510 i.
400 1491 427 1511 n.
451 1482 520 1511 Villa
532 1483 584 1512 sive
594 1482 771 1511 domicilium
781 1482 884 1512 coloni.
907 1482 1008 1512 Auson.
1022 1482 1105 1520 Epist.
1117 1493 1143 1519 4.
1159 1494 1183 1519 ς.

214 1517 247 1546 Et
259 1518 339 1555 tingit
350 1520 432 1557 piceo
443 1519 595 1558 lacrymosa
605 1520 736 1549 colonica
748 1520 845 1549 sunio»

82 1553 131 1583 Co
142 1564 213 1583 LON
225 1565 243 1583 A
256 1565 288 1584 ai
302 1567 316 1584 u
329 1568 348 1585 M
360 1579 368 1590 ,
390 1558 406 1586 i.
430 1568 456 1587 n.
499 1559 563 1588 Cael.
584 1559 687 1588 lib.2i.
700 1567 761 1595 cap.
776 1567 821 1587 2¹.
843 1557 874 1587 In
893 1558 1016 1595 epistolis
1046 1558 1060 1594 (
1073 1559 1186 1596 inquit)
1206 1559 1243 1589 ad

119 1592 242 1622 Atticum
254 1615 262 1627 ,
284 1594 463 1625 Colonarium
478 1596 533 1626 esse
543 1597 660 1626 arbitror
670 1596 831 1633 publicum,
853 1597 929 1625 unde
952 1595 1108 1626 Publicanis
1126 1596 1242 1627 ascitum

119 1638 242 1660 nomen:
265 1631 309 1662 seu
322 1634 437 1671 veetigal
449 1656 457 1668 ,
479 1635 556 1671 quod
569 1645 619 1673 pro
632 1644 660 1663 re
673 1634 840 1672 penderetur
851 1634 957 1663 rustica.
999 1633 1040 1663 De
1055 1635 1221 1671 aquaeduetu
1231 1657 1241 1671 ,

120 1668 212 1704 inquit
222 1669 330 1706 Cicero,
340 1673 428 1709 probe
437 1672 522 1702 fecisti
534 1683 540 1702 :
563 1673 739 1702 colonarium
749 1672 812 1701 vide
823 1682 858 1701 ne
868 1672 958 1701 ullum
969 1671 1136 1702 debeamus:
1158 1683 1244 1710 quan-

121 1715 202 1742 quam
213 1708 297 1736 audio
308 1730 315 1744 ‚
337 1719 398 1738 eam
410 1710 467 1739 illic
478 1717 678 1740 commutatam
688 1710 742 1739 esse
752 1710 853 1747 legem.
895 1710 925 1740 ln
937 1711 1058 1739 eundem
1075 1709 1182 1740 sensum
1202 1711 1243 1740 di-

120 1744 164 1773 xit
175 1744 239 1774 Caes.
251 1745 300 1776 lib.
311 1756 333 1783 3.
346 1747 414 1777 Bell.
427 1749 507 1778 Civil.
532 1749 573 1778 Est
583 1754 675 1779 autem
685 1749 707 1777 is
716 1748 774 1777 Cic.
788 1748 867 1777 locus
880 1757 922 1785 13.
937 1749 989 1777 Att.
999 1753 1026 1777 6.
1048 1748 1136 1791 Verba
1148 1756 1241 1779 autem

123 1780 233 1812 Caesaris
246 1792 314 1820 ex3.
333 1785 380 1814 lib.
394 1786 428 1815 de
440 1786 507 1816 Bell.
527 1787 606 1816 Civil.
625 1795 668 1822 3²-
691 1786 750 1815 haec
762 1785 842 1820 sunt,
872 1786 987 1815 Interim
1005 1786 1177 1815 acerbissime
1192 1788 1244 1816 im.

120 1827 223 1857 peratae
234 1823 361 1858 pecuniae
372 1831 429 1853 tota
446 1825 588 1862 provincia
608 1823 804 1861 exigebantur:
826 1824 914 1853 multa
938 1831 1069 1861 praeterea
1088 1826 1242 1861 generatim

120 1858 157 1886 ad
171 1860 311 1890 avaritiam
320 1863 559 1899 excogitabantur.
600 1863 632 1892 In
645 1863 738 1900 capita
756 1862 859 1899 singula
875 1861 1017 1891 servorum
1035 1872 1067 1891 ac
1089 1862 1241 1892 liberorum

118 1895 253 1926 tributum
272 1899 487 1937 imponebatur:
517 1901 678 1935 colonaria,
706 1900 829 1934 ostiaria,
850 1900 1038 1934 frumentum,
1059 1899 1160 1929 milites
1173 1923 1181 1935 ,
1202 1910 1242 1931 re-

117 1934 225 1971 miges,
247 1946 338 1971 arma,
361 1944 520 1974 tormenta,
542 1940 660 1968 vec'turae
680 1938 898 1976 imperabantur.
938 1938 1091 1967 Sciendum
1116 1945 1209 1969 tamen
1225 1949 1240 1969 a

117 1971 256 2010 plerisque
274 1974 356 2004 scribi
375 1976 573 2011 Columnaria,
595 1976 671 2013 quod
693 1976 792 2006 Caelius
807 1975 898 2004 scribit
914 1976 1115 2006 Colonarium:
1138 1986 1242 2014 nempe

118 2010 166 2047 qui
177 2011 302 2041 videatur
318 2024 332 2042 a
349 2015 463 2044 nomine
473 2015 596 2044 Colonus
611 2015 742 2043 derivare.
783 2013 882 2043 Paulus
893 2014 1002 2043 Manut.
1016 2015 1041 2043 &a
1054 2014 1190 2044 Corradus
1201 2017 1243 2043 in-

116 2053 300 2086 terpretantur
307 2050 517 2082 columnarium
528 2053 583 2082 dici
596 2052 747 2082 Tributum
758 2052 835 2089 quod
851 2054 878 2080 in
895 2051 1013 2095 lingulas
1027 2051 1173 2096 columnas
1192 2053 1243 2081 do.

117 2095 195 2153 &igni
214 2087 395 2131 sustentantes
408 2091 580 2128 exigeretur,
601 2097 747 2129 propterea
769 2090 845 2127 quod
867 2090 1042 2128 opulentiam
1059 2090 1244 2128 lignificarent

139 2134 153 2153 a
176 2131 314 2156 itantium.

80 2161 104 2192 C
113 2172 130 2191 0
139 2173 154 2191 L
164 2172 180 2191 o
189 2173 209 2192 N
218 2173 237 2193 A
246 2174 262 2192 R
273 2175 282 2193 i
293 2175 331 2194 us
343 2187 350 2201 ‚
372 2176 387 2196 a
398 2189 406 2203 ‚
427 2177 485 2197 um.
515 2167 533 2196 i.
545 2177 569 2196 e.
591 2165 733 2196 Colonicae
742 2166 922 2196 conditionis.
946 2166 1041 2196 Sidon.
1058 2177 1081 2201 ς.
1099 2165 1182 2204 Epist.
1196 2175 1238 2201 19.

119 2200 257 2231 Plebeiam
268 2204 362 2240 potius
375 2205 490 2243 incipiat
505 2205 607 2235 habere
619 2204 765 2242 personam
777 2226 784 2240 ‚
805 2214 889 2241 quam
900 2203 1084 2247 colonariam..
1102 2242 1107 2248 ι
1213 2242 1219 2249 .

79 2238 104 2268 C
113 2248 129 2267 o
140 2249 181 2267 Lo
191 2249 211 2268 N
221 2249 239 2268 A
249 2250 265 2268 a
275 2251 284 2269 i
296 2251 313 2270 u
324 2251 336 2271 s
346 2264 353 2278 ,
374 2242 392 2272 i.
415 2253 453 2273 m.
476 2243 541 2273 Caei.
555 2243 602 2272 lib.
614 2253 659 2272 21.
676 2253 734 2280 cap.
748 2252 792 2271 21.
815 2242 990 2271 colonariam
1000 2242 1195 2286 conditionem
1211 2252 1241 2272 in

114 2277 266 2307 Canonicis
276 2278 396 2310 decretis
406 2281 419 2315 ,'
435 2282 613 2310 distinctione
624 2286 669 2318 87.
693 2283 717 2310 δι
731 2281 805 2317 apud
817 2280 1023 2315 Jureconsultos
1035 2290 1095 2309 eam
1110 2282 1219 2324 accipio
1229 2303 1238 2315 ‚

115 2314 187 2351 Quae
198 2316 233 2344 ad
248 2326 306 2346 rem
319 2319 446 2348 rusticam
458 2321 607 2349 tractantes
622 2319 751 2356 pertinet.
775 2318 849 2346 unde
862 2320 888 2347 έέι
904 2318 1068 2347 Colonarios
1085 2319 1112 2346 in
1125 2319 1241 2355 epistola

116 2352 199 2382 Coelii
209 2354 242 2382 ad
255 2354 312 2384 Cic.
324 2362 349 2390 8.
368 2357 440 2386 Fani⁴
455 2368 480 2392 9.
503 2357 671 2386 Humiliores
690 2356 871 2394 intelligimus
888 2356 1034 2391 homines,
1054 2356 1180 2400 forteque
1199 2367 1243 2386 ru-

114 2390 336 2423 sticanastribus.
375 2395 448 2424 Nolo
459 2402 486 2424 te
520 2402 611 2429 utare,
633 2395 734 2431 inquit,
756 2394 908 2423 Favonium
926 2394 1131 2423 acolumnariis
1144 2402 1242 2431 praete-

116 2428 201 2458 ritum
213 2429 282 2460 esse:
306 2433 430 2470 optimus
449 2434 496 2471 qui
510 2443 564 2470 que
585 2432 666 2462 nihili
690 2442 755 2461 eum
775 2432 850 2461 fecit.
879 2432 914 2460 sic
930 2433 1005 2461 enim
1019 2432 1131 2474 videtur
1147 2433 1240 2470 legen-

115 2466 194 2497 dum.
206 2467 348 2499 Hactenus
358 2471 466 2501 Caelius.
480 2471 617 2500 Corradus
626 2471 654 2499 iri
665 2470 807 2507 Qiaestura
817 2471 919 2498 nonita
932 2469 1053 2508 procula
1063 2471 1118 2499 iine
1126 2470 1240 2500 aliter&

114 2503 193 2541 legit,
204 2507 229 2535 &
241 2509 367 2544 exponit.
390 2519 493 2547 nempe
504 2509 555 2538 sic:
580 2509 655 2538 Nolo
663 2515 690 2537 te
699 2515 795 2545 putare
806 2507 959 2537 Favonium
971 2518 986 2537 a
997 2507 1178 2537 columnariis
1190 2518 1240 2546 per

113 2543 239 2572 territum
253 2545 324 2574 eise:
348 2548 471 2584 optimus
481 2547 595 2585 quisque
604 2556 652 2575 eos
663 2545 744 2575 nihili
754 2546 830 2575 fecit.
852 2555 919 2575 mox
934 2545 1044 2589 subdit:
1067 2546 1191 2582 Quidam
1200 2547 1238 2576 le-

112 2588 200 2618 gunt,
223 2582 379 2614 Colonariis
389 2607 397 2619 ,
418 2585 474 2614 hoc
486 2585 524 2615 est
537 2584 688 2614 humilibus
699 2594 733 2613 ac
746 2584 852 2613 rusticis
862 2606 870 2618 ,
892 2594 906 2612 a
920 2583 1047 2613 Colonia.
1086 2584 1119 2613 id
1141 2594 1236 2627 verum

113 2619 145 2647 sit
154 2628 261 2654 necne,
283 2622 329 2659 ipsi
344 2624 474 2653 viderint.
514 2623 571 2653 Nos
581 2645 589 2656 ,
612 2623 659 2651 etsi
672 2623 718 2651 vix
731 2621 870 2659 speramus
878 2622 980 2658 assequi
990 2621 1064 2658 quod
1082 2631 1212 2660 cupimus
1226 2645 1235 2658 ,

112 2657 240 2687 dicemus
252 2664 344 2689 tamen
357 2662 431 2697 quod
442 2661 667 2698 excogitarimus.
708 2659 847 2689 Columna
857 2666 914 2688 erat
927 2660 1020 2689 Romae
1030 2681 1039 2695 ,
1060 2670 1120 2696 quae
1137 2661 1236 2691 Mania

111 2694 278 2732 dicebatur,
299 2708 314 2727 a
333 2698 431 2729 Mcnio
448 2701 569 2736 quodam
582 2721 589 2734 ,
611 2699 677 2736 qui,
704 2707 789 2735 quum
808 2698 880 2727 redes
900 2698 1051 2732 venderet,
1073 2697 1235 2728 columnam

110 2733 248 2770 quandam
258 2744 401 2774 receperat
410 2759 418 2771 ,
438 2737 514 2767 unde
525 2746 626 2766 munus
638 2735 828 2773 gladiatorium
837 2735 980 2773 speetaret.
1001 2734 1035 2764 ab
1046 2745 1078 2764 ea
1094 2736 1234 2766 columnae

110 2780 211 2801 omnes
223 2794 231 2808 ,
249 2774 277 2803 ἂ
287 2773 348 2804 loca
361 2775 518 2811 hujusmodi
529 2775 563 2803 ad
573 2774 753 2812 spectandum
762 2774 984 2808 accommodata,
1005 2783 1019 2802 a
1030 2773 1166 2803 Romanis
1175 2774 1236 2804 Me-

112 2809 195 2838 niana
209 2809 270 2840 sunt
282 2813 430 2850 appellata.
470 2813 504 2843 Et
513 2813 646 2850 quoniam
662 2812 691 2840 in
704 2812 745 2840 his
755 2811 822 2840 locis
834 2811 936 2840 scelesti
947 2812 1040 2848 puniri
1051 2811 1156 2847 solent,
1178 2819 1233 2842 uta

111 2847 219 2885 populo
234 2849 380 2880 videantur
391 2873 399 2887 ‚
421 2853 447 2881 ἃ
464 2858 494 2881 ut
504 2851 573 2880 alios
591 2850 639 2879 suo
651 2848 782 2887 exemplo
794 2855 914 2879 terreant
925 2871 933 2883 ,
959 2850 1025 2878 inde
1044 2849 1146 2893 factum
1162 2851 1234 2880 arbi.

111 2890 188 2919 tror,
210 2893 241 2915 ut
253 2887 386 2919 columna
405 2889 468 2925 illa,
488 2889 712 2919 Triumvirorum
731 2887 892 2924 capitalium
910 2888 1069 2917 diceretur:
1091 2888 1233 2926 eslentque

110 2922 218 2960 semper
228 2926 302 2962 apud
317 2926 401 2964 ipsam
412 2927 571 2957 columnam
583 2925 711 2963 patroni,
732 2924 779 2954 sed
790 2924 940 2961 majoribus
949 2926 1033 2955 causis
1044 2926 1163 2963 indigni,
1185 2927 1233 2970 qui

110 2960 155 2990 vel
165 2962 349 2994 defenderent
359 2965 402 2995 vel
413 2965 573 2995 accusarent
583 2973 653 2993 reos.
675 2963 693 2992 ii
707 2964 834 3000 patroni,
856 2963 905 2992 nisi
918 2962 998 2992 fallor
1010 2985 1018 2996 ,
1039 2963 1205 3006 columnarii
1217 2975 1233 2994 a

111 2998 203 3028 Coelio
214 3000 364 3033 dicuntur:
387 3013 456 3041 quos
473 3003 570 3033 Cicero
581 3002 668 3031 etiam
681 3001 832 3038 significat,
853 3010 939 3038 quum
957 3001 986 3030 in
1005 3001 1183 3045 Divinatione
1203 3003 1232 3031 iri

109 3035 187 3066 Verr.
199 3048 242 3072 50.
269 3039 307 3069 ita
320 3041 463 3077 loquitur:
487 3040 604 3070 Vobisne
620 3046 697 3069 tanta
719 3039 815 3076 inopia
834 3048 944 3068 reorum
959 3038 1014 3072 cst,
1037 3045 1068 3068 ut
1086 3039 1155 3068 mihi
1168 3049 1232 3069 cau-

108 3073 164 3104 sam
175 3076 323 3115 praeripere
332 3080 474 3109 conemini
487 3079 590 3117 potius,
611 3087 692 3113 quam
702 3077 808 3113 aliquos
823 3087 837 3106 a
850 3077 980 3106 columna
993 3076 1087 3106 Menia
1098 3078 1176 3106 vestri
1187 3088 1231 3107 or.

107 3112 183 3142 dinis
194 3124 254 3143 reos
267 3118 407 3154 reperiatis
415 3119 428 3146 ἶ)
447 3117 484 3146 Ab
494 3118 526 3146 iis
536 3117 618 3153 igitur
625 3115 696 3144 forte
706 3114 847 3144 accusatus
858 3116 947 3143 fuerat
958 3114 1108 3144 Favonius:
1126 3115 1171 3144 sed
1180 3125 1231 3153 op.

107 3151 193 3180 timus
201 3152 314 3190 quisque
324 3164 371 3184 eos
383 3155 463 3184 nihili
474 3154 585 3184 fecerat.
618 3162 702 3190 quam
722 3160 814 3182 tamen
834 3153 973 3182 historiam
991 3152 1084 3182 adhue
1094 3153 1229 3189 nusquam

106 3188 234 3226 legimus.
257 3191 325 3221 illud
335 3194 410 3231 apud
419 3193 594 3222 Plutarchum
613 3192 643 3220 in
657 3191 763 3220 Catone
776 3190 895 3219 vidimus
906 3212 914 3224 ,
936 3190 1090 3219 Favonium
1108 3191 1229 3221 AEdilem

107 3227 206 3263 fuisse,
228 3230 253 3258 ἃ
264 3239 328 3259 cum
341 3231 401 3260 aliis
411 3230 506 3260 sedisse
515 3253 523 3266 ,
545 3230 613 3259 dum
623 3229 691 3259 Cato
701 3238 751 3266 pro
762 3228 821 3266 ipso
833 3227 988 3266 spectacula
999 3228 1114 3258 ederet:
1136 3236 1166 3258 ut
1175 3230 1229 3273 for3

107 3271 136 3294 te
145 3266 214 3295 eain
227 3276 255 3295 re
265 3268 368 3299 derisus
384 3269 468 3298 fuerit
483 3269 511 3297 in
530 3266 687 3306 spectaculo
701 3268 735 3296 ab
751 3266 784 3295 iis
803 3267 849 3302 qui
872 3266 946 3302 apud
964 3265 1109 3296 columnas
1129 3267 1229 3296 theatri

106 3304 191 3340 (quae
201 3306 485 3341 magnificentiffime,
506 3307 618 3336 auctore
630 3305 728 3340 Plinio,
749 3304 817 3341 erigi
828 3303 974 3339 solebant)
993 3303 1155 3348 spet‘tarent.
1181 3304 1227 3334 sed

106 3341 136 3370 id
147 3342 352 3379 curaffirmem,
375 3344 445 3374 nihil
461 3343 560 3373 habeo.
605 3343 729 3372 Eandem
746 3341 926 3378 columnam,
947 3342 1049 3379 opinor
1063 3364 1071 3376 ,
1093 3342 1228 3379 intelligit

106 3378 166 3408 Cic.
180 3390 232 3417 pro
246 3381 271 3410 P.
285 3384 360 3413 Sext.
376 3388 418 3417 18.
436 3382 471 3412 sic
481 3381 618 3411 scribens:
641 3380 775 3410 Gabinius
788 3380 821 3408 ad
836 3380 996 3409 columnam
1010 3380 1226 3423 adhaerescerent,

108 3417 174 3446 niin
184 3418 357 3450 Tribunatus
371 3428 484 3458 portum
498 3420 671 3456 confugeret.
710 3418 790 3448 Hanc
806 3418 967 3447 columnam
986 3427 1041 3461 mei
1059 3417 1207 3454 Regienses
1217 3440 1226 3454 ,

106 3461 138 3484 ut
148 3463 217 3492 puto
227 3478 234 3492 ,
256 3457 391 3496 Lapidem
402 3468 478 3487 nunc
487 3464 607 3491 vocant,
631 3456 666 3485 ad
677 3465 760 3493 quem
771 3455 963 3484 adhaerescunt
973 3465 1018 3499 qui
1031 3465 1086 3484 non
1097 3456 1165 3499 sunt·
1175 3455 1227 3485 sol.

104 3494 215 3529 vendo,
236 3502 267 3524 ut
278 3506 311 3525 eo
322 3503 448 3533 tempore
458 3502 516 3525 etat
535 3495 683 3529 Gabinius,
703 3494 753 3522 nisi
773 3493 943 3523 Tribunatus
963 3502 989 3522 ei
1012 3503 1098 3536 opem
1116 3493 1228 3524 tulilset.

106 3531 182 3560 unde
196 3532 278 3569 paulo
296 3535 450 3571 postdicit,
472 3533 651 3563 Exaniniatus
659 3531 906 3566 evolateSenatu,
928 3540 985 3559 non
1008 3540 1099 3561 minus
1121 3538 1227 3569 pertur.

104 3567 172 3597 bato
180 3570 274 3599 animo
285 3579 367 3610 atque
378 3572 466 3607 vultu,
489 3580 572 3608 quam
584 3570 601 3599 ii
614 3570 693 3598 annis
703 3576 767 3598 ante
776 3569 870 3606 paucis
881 3569 908 3597 in
923 3568 1092 3612 creditorum
1102 3579 1225 3599 conven-

103 3612 164 3635 tum
175 3607 322 3639 incidisset.
361 3609 465 3639 Similis
480 3609 517 3638 est
529 3610 596 3637 item
610 3608 656 3636 illa
671 3607 804 3636 columna
816 3628 825 3641 ,
846 3607 881 3635 de
896 3616 949 3642 qua
968 3606 1026 3635 Cic.
1042 3616 1094 3643 pro
1110 3607 1222 3638 Cluent.

105 3653 149 3680 39.
171 3644 292 3683 loquitur
303 3648 378 3677 hunc
388 3649 417 3676 in
429 3647 565 3676 modum:
589 3645 624 3682 Q.
646 3645 777 3674 Manilius
795 3654 830 3674 ex
845 3644 982 3682 petulanti
998 3645 1223 3682 atqueimprobo
1257 3683 1262 3686 .

102 3681 202 3718 scurra,
224 3685 252 3713 in
264 3686 407 3715 discordiis
420 3686 538 3714 civitatis
546 3683 580 3713 ad
592 3693 652 3713 eain
663 3682 833 3726 columnam,
846 3682 880 3710 ad
893 3691 976 3718 quam
990 3681 1140 3711 multorum
1153 3683 1224 3721 saepe

101 3722 237 3751 conviciis
252 3723 390 3753 deductus
400 3730 471 3758 erat,
492 3729 552 3751 tum
569 3721 700 3755 suffragiis
721 3720 817 3757 populi
830 3726 1002 3763 pervenerat.
1040 3720 1096 3749 Has
1116 3721 1224 3750 colurn-

102 3767 151 3788 nas
168 3761 250 3789 etiam
272 3762 398 3790 existimo
417 3770 494 3790 nunc
512 3760 622 3795 Reugas
641 3760 666 3788 Sc
685 3758 806 3787 Berlinas
817 3757 961 3800 appellari.
984 3757 1051 3801 Haec
1072 3757 1219 3803 Corradus..

101 3795 185 3826 Porro
193 3808 229 3826 ne
241 3800 307 3835 quid
318 3798 448 3828 lectorem
459 3798 587 3833 caelemus
596 3819 604 3832 ,
628 3796 706 3825 locus
725 3795 807 3824 Coelii
821 3797 856 3824 lic
867 3795 892 3824 se
902 3795 985 3838 habet
996 3805 1024 3823 in
1036 3796 1131 3825 nostris
1143 3797 1222 3841 codi-

101 3834 199 3864 cibus:
221 3836 295 3864 Nolo
308 3844 334 3865 te
347 3844 442 3874 putare
461 3836 627 3865 Favorinum
643 3845 657 3863 a
672 3833 853 3862 columnariis
872 3840 1041 3876 praeteritum
1055 3833 1125 3877 eise:
1149 3842 1220 3878 opti.

101 3879 162 3901 mus
173 3873 286 3909 quisque
299 3885 362 3903 eum
375 3885 431 3902 non
442 3874 516 3902 fecit.
536 3880 566 3902 ut
578 3872 710 3901 videlicet
721 3871 890 3907 intelligatur
899 3877 982 3899 etiam
992 3870 1026 3914 ab
1037 3873 1220 3915 optimatibus

101 3912 253 3946 praeteritus
269 3912 296 3940 in
309 3913 479 3948 magistratus
493 3912 647 3948 petitione,
670 3919 723 3938 nec
741 3909 879 3952 bonorum
899 3908 1026 3952 suffragia
1037 3909 1135 3938 tulisse.
1177 3910 1220 3939 ln-

100 3953 204 3986 terpres
215 3951 332 3987 exponit
341 3949 520 3980 columnariis
530 3971 539 3986 ‚
559 3955 606 3978 aut
615 3948 650 3978 ad
658 3946 803 3977 columnas
814 3946 997 3977 scribentibus
1004 3967 1014 3983 a
1034 3954 1083 3978 aut
1094 3956 1165 3985 opus
1173 3956 1219 3977 co-

155 3985 174 4014 V
182 3996 200 4016 o
211 3997 237 4016 i..
261 3988 280 4018 1.

1704 93 1994 131 COL
2395 115 2466 149 577

1338 170 1495 201 lumnarum
1526 173 1694 204 curantibus.
1738 173 1768 203 ln
1793 175 1851 204 Cic.
1874 176 1967 205 Divin.
1981 187 2023 212 50.
2064 178 2100 207 iic
2122 179 2252 211 Asconius
2266 193 2273 213 :
2306 183 2390 214 Vestri
2425 197 2470 215 or.

1337 209 1409 238 dinis
1423 221 1482 239 reos
1494 233 1501 245 ‚
1525 212 1553 240 id
1571 212 1609 240 est
1621 212 1693 241 Reos
1713 213 1798 241 vestra
1820 214 1978 243 deienfione
1997 216 2152 251 condignos
2165 240 2172 251 ,
2195 229 2225 248 ut
2243 222 2315 250 fures
2331 226 2356 252 ἃ
2373 228 2461 252 (πως

1338 256 1467 283 nequam,
1480 250 1525 284 qui
1538 250 1613 286 apud
1624 249 1795 279 Triumviros
1812 251 1943 288 capitales
1956 253 2030 289 apud
2050 254 2212 285 columnam
2225 258 2352 289 Meniam
2373 262 2465 297 puniri

1339 283 1436 314 solent.
1479 286 1553 315 Alius
1570 297 1620 323 pro
1643 286 1668 316 P.
1687 288 1762 316 Sext.
1780 288 1857 317 locus
1871 290 1976 326 integer
1991 290 2025 318 lic
2044 291 2157 327 legitur,
2180 293 2283 324 Puteali
2304 299 2329 326 &c
2349 298 2468 327 foenera-

1339 327 1429 350 torum
1442 325 1569 357 gregibus
1581 325 1691 354 indatus
1700 333 1782 361 atque
1803 327 1942 363 perculsus
1956 349 1963 361 ,
1985 328 2053 356 olim
2076 338 2110 356 ne
2130 330 2247 366 Scyllaeo
2265 334 2321 367 (al.
2339 335 2466 371 Syllrco)

1339 358 1387 386 illo
1399 362 1457 388 aeris
1470 361 1551 389 alieni
1570 362 1595 389 in
1610 363 1680 390 freto
1691 364 1725 391 ad
1737 363 1895 393 columnam
1907 365 2111 399 adhaerescere-t,
2125 368 2152 395 in
2165 367 2336 400 Tribunatus
2352 380 2462 409 portum

1338 397 1504 433 perfugerat.
1556 400 1569 434 [
1584 400 1631 428 l'ro
1641 400 1755 430 Inflatus
1766 423 1773 435 ,
1795 408 1864 438 puto
1877 402 2010 431 infractus
2028 403 2187 440 legendum.

1301 431 1323 460 C
1333 443 1349 460 o
1360 444 1374 460 L
1386 445 1401 461 o
1413 444 1430 462 Ν
1443 438 1456 462 Χ
1469 445 1486 463 Τ
1498 446 1514 464 Lv
1525 445 1546 470 s,
1562 438 1600 465 us.
1622 447 1659 466 ni.
1681 438 1750 467 Cod.
1762 439 1874 468 Theod.
1887 447 1975 473 ¹2-18·
1989 440 2140 470 Colonatus
2150 443 2328 478 quaestionem
2340 455 2464 478 movere.

1302 469 1348 498 Co
1360 481 1374 498 ι,
1386 481 1402 498 o
1413 482 1425 498 r,
1438 482 1454 499 A
1465 482 1483 500 ‘r
1497 482 1512 500 Η
1527 483 1540 500 a
1551 483 1568 501 A
1580 484 1594 501 iz
1606 484 1663 503 ius
1675 496 1683 509 ,
1702 476 1718 504 i.
1741 486 1777 506 m.
1801 477 1876 507 Non.
1889 487 1914 506 α.
1928 482 1988 512 ³⁶¹·
2012 479 2177 510 (irrallutores
2187 480 2248 509 sunt
2259 482 2464 515 colobathrarii.

1338 507 1454 544 lraiegi't
1466 510 1534 539 Vols.
1550 511 1639 548 Etym.
1654 522 1680 548 p.
1691 522 1752 547 239.
1794 515 1950 551 Aliilegurit
1961 516 2139 546 Colobatiirii.
2167 528 2192 554 q.
2207 518 2236 547 V.

1301 544 1401 573 COLO
1414 549 1534 581 nicus,
1557 549 1574 576 i.
1597 558 1634 577 m.
1659 550 1766 580 Firmic.
1789 551 1835 581 lib.
1848 561 1871 585 ι.
1898 563 1958 590 cap.
1976 563 2017 588 ¹4-
2036 555 2056 591 §.
2075 560 2099 588 8.
2130 555 2288 585 Morientur
2303 564 2395 587 autem
2417 566 2465 590 aut

1339 582 1453 619 spatici,
1475 592 1522 614 aut
1539 586 1660 615 colobici
1674 609 1681 621 ‚
1711 596 1758 627 aut
1775 590 1942 626 apopletici,
1964 590 2008 619 seu
2033 591 2198 629 phrenetici.
2239 595 2367 631 Spaticos
2382 597 2467 627 inter.

1338 629 1447 657 pretor,
1470 623 1635 652 Contractos
1645 645 1652 658 ,
1675 625 1719 653 vel
1730 627 1899 656 Convulsos:
1921 628 2085 663 Colobicos,
2109 631 2232 660 Mutilos.
2267 634 2364 663 κρλιζοτ
2386 636 2464 665 enim

1340 658 1443 687 dicitur
1463 661 1597 692 mutilus.
1619 662 1750 692 minutus
1801 666 2002 701 [tegendum.
2023 667 2136 705 Spastici
2150 690 2157 703 ‚
2178 669 2327 705 collabici,
2349 674 2466 710 apople-

1340 696 1414 724 ctici.
1455 698 1591 727 Collabici
1603 705 1711 732 autem,
1735 710 1750 729 a
1765 702 1958 739 Collabendo,
1980 704 2042 733 sunt
2055 705 2211 743 Epileptici.

1303 731 1524 770 Conosiuii,
1547 736 1564 764 i.
1587 746 1615 779 n.
1638 737 1790 773 [mom—lov]
1812 740 1905 769 Genus
1926 743 2044 776 tunicae,
2066 753 2120 778 quo
2140 745 2248 781 antiqui
2270 745 2463 779 Romanorum

1339 771 1504 801 utebantur:
1530 772 1565 802 sic
1576 773 1681 802 dietum
1693 797 1700 806 ,
1722 777 1798 811 quod
1811 778 1927 807 manicis
1945 779 2011 808 eisct
2026 781 2192 810 mutilatum.
2232 782 2302 811 Nam
2317 787 2404 814 tiraeci
2425 798 2464 817 'w—

1339 807 1424 851 λσξὸν.
1446 816 1576 840 truncum
1591 821 1624 840 ac
1639 812 1796 842 mutilatum
1814 815 1921 844 dicunt.
1963 817 2164 853 llidor.19.22.
2187 819 2335 850 Colobium
2356 824 2465 854 didtum

1339 854 1404 882 quia
1417 845 1531 884 longum
1540 848 1595 882 est,
1618 850 1644 878 ἃ
1654 849 1708 878 sine
1723 853 1848 882 manicis.
1870 853 1946 882 conf.
1968 855 2051 883 etiam
2065 855 2152 886 l'itisc.
2166 856 2220 886 lex.

1303 881 1324 912 C
1334 885 1351 912 ὅ
1362 894 1377 911 i.
1387 885 1403 926 o
1414 888 1452 913 so
1463 896 1482 912 M
1494 896 1513 914 A
1525 908 1532 920 ,
1554 887 1614 915 fitis.
1636 896 1663 915 n.
1688 889 1866 924 [ιφλόέωμωι]
1887 891 1982 920 Latine
1994 892 2154 929 Mutilati03
2179 895 2308 925 Defectus
2319 898 2464 934 particulae

1338 920 1413 950 estin
1425 928 1502 959 parte
1510 923 1602 960 aliqua
1614 926 1747 960 corporis.
1788 927 1818 956 V.
1843 927 1891 956 lib.
1908 929 1989 958 Finit.
2002 930 2107 960 Medic.
2121 933 2195 968 apud
2205 932 2302 962 Galen.

1300 957 1324 989 C
1334 960 1351 988 6
1362 970 1378 986 L
1389 961 1406 988 ὃ
1415 964 1456 988 cA
1468 970 1480 989 s
1490 972 1497 988 i
1509 971 1526 989 A
1536 983 1544 996 ,
1567 971 1598 991 ξε.
1620 962 1638 991 f.
1661 963 1840 1004 [aptoton-1¹2]
1861 965 1931 994 Faba
1944 967 2070 1004 IEgyptia
2082 991 2088 1001 ,
2111 969 2237 999 latiisima
2251 971 2355 1001 liabens
2373 972 2439 1003 folia
2450 996 2461 1010 ,

1338 997 1480 1034 exquibus
1491 999 1669 1028 Alexandrini
1689 1000 1736 1029 libi
1757 1003 1858 1038 pocula
1872 1004 2012 1033 conficere
2031 1005 2163 1036 solebant.
2207 1008 2307 1037 l’allad.
2325 1010 2399 1040 Febr.
2414 1022 2462 1047 2⁴·

1338 1042 1409 1064 extr.
1431 1035 1495 1066 Hoc
1506 1036 1598 1066 mense
1607 1037 1749 1067 colocasiae
1768 1039 1868 1069 bulbos
1879 1051 2025 1078 ponemus.
2066 1045 2166 1074 Amant
2179 1044 2326 1075 humidum
2347 1048 2440 1079 locum
2454 1070 2465 1085 ,

1338 1073 1490 1110 pinguem,
1513 1075 1634 1105 maxime
1645 1076 1787 1113 irriguum.
1829 1077 1970 1108 Frondere
1990 1090 2077 1118 prope
2096 1082 2204 1120 semper
2223 1084 2348 1121 potsunt,
2371 1086 2387 1114 si
2404 1094 2466 1115 tan-

1338 1112 1533 1177 §panilcgtreta
1544 1115 1712 1149 tegumentis
1723 1114 1909 1146 defendantur
1923 1127 1937 1146 a
1952 1118 2061 1156 frigore.
2102 1119 2144 1149 Al.
2167 1120 2310 1152 Colocasii.
2351 1123 2392 1153 De
2411 1125 2466 1154 hac

1372 1158 1410 1177 in.
1433 1159 1439 1177 i
1464 1159 1568 1180 ‚21.ca
1593 1174 1599 1180 .
1615 1161 1658 1187 15.

1304 1184 1409 1216 CoLo
1422 1161 1589 1223 ciisiuiif,³
1608 1189 1626 1219 i.
1648 1199 1676 1218 n.
1698 1189 1785 1219 Idem.
1808 1190 1881 1230 Virg.
1895 1202 1922 1227 4.
1935 1192 1992 1223 Ecl.
2005 1202 2049 1222 ao.

1431 1225 1565 1263 Mistaque
1578 1227 1679 1257 ridenti
1691 1228 1825 1259 colocasia
1841 1230 1941 1260 fundet
1954 1232 2083 1260 acantho.
2179 1233 2271 1263 Ruell.
2292 1235 2361 1265 dicit
2381 1236 2465 1266 Colo-

1336 1261 1428 1328 {ziisioln
1447 1263 1501 1292 esse
1521 1264 1644 1294 radicem
1660 1265 1730 1295 fabae
1748 1267 1893 1305 [Egyptire.
1922 1269 2042 1299 Martial.
2055 1269 2104 1300 lib.
2119 1275 2145 1305 8.
2158 1279 2201 1308 33.
2224 1273 2252 1301 in
2264 1272 2398 1310 Paulum,
2426 1276 2464 1306 de

1366 1310 1404 1328 iia
1418 1310 1432 1329 a
1443 1322 1450 1336 ‚

1429 1338 1514 1368 Lenta
1522 1339 1614 1369 minus
1625 1341 1719 1378 gracili
1732 1341 1859 1373 crescunt
1869 1344 2003 1374 colocasia
2014 1344 2072 1374 filo.
2168 1345 2286 1376 Ducitur
2302 1349 2379 1379 enim
2395 1350 2464 1381 den.

1337 1375 1412 1406 tibus
1425 1382 1555 1414 tanquam
1563 1378 1642 1413 lana,
1664 1380 1812 1416 &quidem
1824 1381 1937 1411 subtilis.
1979 1383 2047 1412 lnde
2057 1383 2133 1412 idem
2144 1383 2190 1414 lib.
2209 1394 2252 1421 13.
2267 1394 2311 1422 57.

1429 1415 1572 1445 Niliacum
1583 1416 1688 1446 ridebis
1698 1417 1769 1451 olus,
1791 1418 1920 1456 lanasque
1936 1419 2075 1457 sequaces,

1307 1474 1315 1483 .
1471 1453 1604 1491 improba
1613 1464 1678 1484 cum
1692 1457 1783 1485 morsu
1795 1457 1838 1487 fila
1850 1467 1990 1495 manuque
2010 1459 2112 1489 trahes.
2195 1460 2369 1492 Colocafium
2389 1473 2417 1494 n.
2433 1474 2462 1502 g.

1337 1488 1495 1520 &Palladio
1517 1491 1580 1520 Mis.
1602 1492 1757 1523 vindicant.

1299 1526 1397 1556 COL‘o
1409 1538 1541 1564 ciisiffl,
1562 1529 1697 1559 Minervae
1717 1531 1854 1569 templum
1874 1532 1927 1561 fuit
1945 1534 1972 1562 in
1989 1534 2109 1572 Sicyone
2122 1554 2128 1565 ,
2151 1540 2182 1565 ut
2203 1536 2242 1565 est
2260 1537 2288 1565 in
2309 1547 2349 1575 pr.
2370 1538 2420 1569 lib.
2434 1549 2463 1576 3,

1336 1566 1411 1602 apud
1421 1566 1594 1604 Athenaeum,
1616 1578 1671 1605 quo
1684 1569 1747 1598 loco
1760 1571 1795 1599 de
1806 1572 1913 1600 ciborio
1928 1573 1954 1601 ἃ
1966 1571 2099 1602 colocalia
2109 1574 2175 1611 agit,
2189 1584 2223 1603 ex
2236 1575 2367 1605 Nicandri
2376 1577 2467 1607 Geor.

1335 1605 1407 1640 gico.
1449 1605 1582 1634 Meminit
1592 1605 1657 1635 Cael.
1673 1606 1719 1635 lib.
1729 1617 1754 1643 9.
1768 1617 1827 1645 cap.
1847 1618 1887 1637 iz.

1299 1640 1321 1670 C
1330 1651 1347 1670 o
1356 1653 1373 1670 L
1381 1652 1398 1670 o
1408 1651 1425 1670 c
1433 1652 1452 1670 A
1463 1652 1482 1671 υ
1491 1652 1508 1672 a
1518 1652 1537 1671 u
1548 1643 1631 1679 M,i.n.
1645 1644 1986 1681 [KondxweavJGermaniae
1999 1647 2464 1687 urbsPtolemaeo.Vulgorridvvat.

1299 1679 1321 1710 C
1330 1689 1348 1708 ο
1358 1690 1374 1707 L
1382 1690 1399 1708 o
1409 1689 1426 1708 c
1436 1690 1454 1709 Y
1464 1690 1483 1708 N
1492 1690 1512 1709 ‘r
1524 1690 1545 1709 H
1556 1692 1579 1710 ,ΑΕ
1588 1703 1595 1717 ,
1617 1683 1804 1718 [κρλόκυνῖικι]
1826 1685 1861 1713 iic
1870 1686 1937 1715 dicti
1949 1684 2012 1713 sunt
2022 1685 2095 1715 Libri
2108 1687 2222 1723 quidam
2233 1687 2413 1719 obscurissimi
2427 1690 2464 1720 ab

1335 1718 1634 1755 Adrianoiniperatore
1649 1719 1750 1767 scripti.
1792 1721 1881 1757 Dion,
1906 1724 1962 1749 isim
1978 1724 2013 1748 τῦ
2030 1723 2142 1760 'Achivae
2163 1728 2373 1763 mfflzngn‘omn,
2387 1727 2466 1756 ἅπτλ..

1336 1755 1360 1789 9²
1382 1758 1404 1792 »ᾗ
1422 1754 1466 1782 πὲς
1487 1754 1638 1786 υλακῦνθοις
1653 1761 1755 1794 γῦιΦεζ
1777 1758 1876 1794 {artificum
1899 1757 1925 1786 Ᾰῖ
1948 1759 1997 1796 ἄχρι
2018 1757 2071 1787 π’τῑ
2087 1761 2190 1791 ebkeh&
2213 1763 2294 1797 πιέτῳ
2318 1767 2358 1791 nv)
2375 1766 2465 1801 yqdoe'fae..

1335 1805 1398 1826 μέμ,
1410 1791 1594 1829 πμμυνὸρὲὶυζῇν.
1635 1795 1666 1825 In
1680 1795 1753 1825 ffilio
1765 1798 1912 1834 spartiano
1923 1808 1985 1835 cap.
2001 1803 2042 1829 16.
2054 1799 2102 1829 vit.
2116 1799 2200 1829 Hadr.
2215 1800 2314 1838 iegitur
2325 1802 2467 1835 Catacria-

1338 1840 1399 1866 nos,
1421 1831 1463 1860 vel
1475 1832 1662 1868 Catacannas,
1683 1834 1730 1862 sed
1742 1835 1883 1867 mendose.
1923 1836 2080 1867 Turnebus.
2122 1837 2260 1874 [Possunt
2270 1840 2368 1870 Dionis
2380 1841 2466 1873 verba

1339 1870 1365 1898 ἃ
1380 1870 1414 1898 de
1428 1869 1507 1899 Pictis
1518 1871 1668 1901 cucurbitis
1680 1873 1781 1909 accipi.

1299 1905 1322 1936 C
1332 1917 1349 1935 o
1361 1918 1376 1935 L
1386 1917 1402 1935 0
1413 1917 1430 1936 c
1440 1917 1457 1936 v
1467 1917 1486 1936 N
1496 1918 1516 1936 rr
1527 1918 1545 1937 H
1556 1919 1586 1938 is
1596 1931 1604 1943 ,
1626 1910 1688 1938 idis.
1711 1910 1729 1939 f.
1752 1908 1933 1947 [κολοιονθ-ῖς]
1955 1911 2049 1941 Genus
2067 1913 2228 1944 cucurbitae.
2267 1914 2336 1944 Plin.
2358 1916 2406 1946 lib.
2417 1926 2465 1947 πο.

1336 1954 1398 1982 cap.
1413 1953 1436 1979 3.
1462 1945 1645 1984 Colocynthis
1666 1954 1779 1977 vocatur
1797 1948 1864 1983 alia,
1886 1950 1944 1986 ipsa
1969 1950 2052 1987 plena
2064 1972 2071 1984 ,
2093 1950 2141 1980 sed
2160 1953 2252 1981 minor
2267 1963 2348 1989 quam
2367 1954 2464 1986 sativa.

1299 1981 1321 2011 C
1332 1992 1348 2010 0
1358 1986 1423 2011 LoE
1434 1992 1453 2011 N
1466 1993 1483 2012 A
1495 2005 1502 2019 ,
1530 1994 1561 2013 εε-
1581 1985 1599 2013 f.
1622 1986 1765 2021 [Kozon'vn]
1786 1987 1860 2016 dicta
1871 1989 1909 2016 est
1923 1987 2013 2017 Diana
2031 1998 2046 2017 a
2063 1988 2126 2018 lacu
2147 1989 2250 2027 Gygaeo
2260 2012 2267 2025 ‚
2289 1992 2323 2021 ab
2338 1992 2464 2023 Homero

1336 2020 1373 2048 fic
1386 2028 1486 2049 vocato
1497 2043 1504 2056 ,
1527 2022 1572 2058 qui
1585 2023 1679 2060 postea
1692 2030 1799 2052 mutato
1811 2026 1927 2054 nomine
1947 2027 2036 2055 dictus
2052 2026 2091 2055 est
2111 2026 2232 2062 Colous,
2253 2028 2302 2058 ubi
2323 2030 2464 2067 templum

1337 2058 1431 2093 habet,
1444 2060 1520 2096 quod
1531 2061 1559 2088 in
1572 2061 1692 2090 maxima
1700 2061 1833 2099 religione
1845 2062 1969 2093 habetur.
1982 2064 2087 2093 V.infra
2100 2074 2219 2099 COLOUS,
2233 2067 2463 2105 &Strab.lib.i3.

1297 2095 1320 2125 C
1330 2106 1346 2125 o
1359 2107 1373 2124 L
1382 2107 1398 2125 o
1409 2108 1428 2125 Μ
1438 2107 1451 2125 iz
1462 2107 1473 2125 s
1486 2107 1503 2126 Γ
1514 2107 1528 2126 a
1542 2108 1558 2126 u
1571 2110 1589 2126 Μ
1601 2121 1608 2133 ,
1631 2100 1648 2128 i.
1672 2109 1697 2128 n.
1720 2101 1919 2136 [κολομέςρκμ]
1941 2101 2060 2131 Romani
2083 2102 2294 2140 appellaverunt
2310 2104 2465 2138 secundam.

1334 2135 1438 2163 aconiti
1448 2134 1568 2169 speciem
1579 2158 1587 2171 ,
1609 2137 1674 2166 teste
1687 2136 1850 2167 Dioscoride
1861 2138 1908 2168 lib.
1921 2150 1948 2175 4.
1961 2149 2025 2177 cap.
2039 2145 2084 2176 78.
2108 2150 2190 2176 quam
2201 2141 2278 2171 idem
2288 2144 2313 2173 ἃ
2327 2145 2462 2181 ογηοέὶο-

1333 2182 1392 2200 non
1403 2175 1429 2201 Sc
1441 2172 1628 2210 1yc‹‚;ion0n‚
1650 2185 1664 2204 a
1677 2175 1792 2204 canibus
1807 2177 1833 2206 Sc
1850 2176 1925 2215 lupis
1937 2177 2070 2207 necandis
2089 2180 2278 2215 cognominat.
2318 2181 2374 2211 Sed
2390 2183 2464 2213 inter

1338 2210 1424 2239 notha
1435 2211 1560 2246 rejicitur
1568 2211 1626 2241 haec
1634 2213 1854 2243 nomenclatura.

1296 2247 1344 2277 Co
1354 2259 1369 2276 L
1379 2258 1396 2277 ο
1408 2258 1427 2276 Ν
1438 2270 1446 2283 ,
1468 2249 1511 2278 vel
1534 2249 1555 2279 C
1565 2253 1582 2278 ὃ
1593 2261 1608 2278 L
1620 2260 1638 2279 υ
1649 2261 1669 2278 Μ
1681 2273 1688 2286 ,
1710 2251 1727 2280 i,
1749 2260 1776 2281 n.
1799 2252 1922 2288 [κῶλον]
1942 2252 1981 2282 est
1992 2252 2111 2283 Crasiius
2121 2253 2284 2285 intestinum
2292 2256 2464 2294 tubulatum‚

1332 2295 1369 2315 ex
1385 2296 1440 2323 quo
1453 2294 1629 2317 excrementa
1642 2298 1704 2318 eam
1713 2289 1856 2327 accipiunt
1865 2290 1982 2320 formam
1996 2301 2050 2327 qua
2060 2298 2210 2328 egeruntur
2219 2314 2227 2327 ,
2251 2293 2384 2331 plurimas
2407 2296 2465 2325 cel-

1333 2323 1404 2353 lulas
1422 2329 1506 2362 atque
1526 2335 1658 2356 cavernas
1673 2326 1796 2362 habens,
1818 2328 1853 2357 ad
1871 2337 2021 2365 renemque
2043 2328 2178 2359 sinistrum
2199 2330 2338 2368 religatur.
2379 2332 2464 2365 Unde

1333 2362 1448 2390 verbum
1464 2363 1623 2399 κολάξαοθοιι,
1645 2374 1694 2402 pro
1706 2374 1740 2394 eo
1751 2365 1826 2402 quod
1836 2366 1874 2395 est
1883 2365 2037 2403 Torqueri,
2063 2367 2244 2404 cruciatique.
2266 2369 2337 2399 Geli.
2349 2369 2397 2400 lib.
2415 2381 2460 2408 17.

1332 2408 1413 2436 cap.i
1422 2400 1545 2430 1.Alvum
1555 2402 1802 2439 interpretatur,Ac
1811 2404 2154 2441 deinde(inquit)aridiora
2164 2414 2199 2435 ex
2210 2406 2243 2436 iis
2251 2410 2462 2440 recrementain

1334 2438 1427 2466 alvum
1440 2440 1591 2468 convenire
1602 2461 1610 2474 ,
1632 2441 1707 2476 quod
1716 2441 1809 2470 Graece
1819 2442 1893 2467 κῶλον
1904 2443 2016 2471 dicitur.
2059 2442 2128 2472 Cels-
2139 2442 2187 2473 lib.
2202 2453 2225 2473 1.
2238 2454 2299 2483 cap.
2312 2451 2338 2480 8.
2360 2445 2464 2477 Latine

1334 2475 1371 2504 sic
1381 2476 1480 2511 vertit,
1502 2477 1562 2506 Etsi
1582 2478 1716 2514 (inquit)
1736 2478 1994 2509 laxiusintestinum
2007 2479 2104 2510 dolere
2115 2481 2276 2517 consuevit,
2296 2484 2372 2519 quod
2383 2486 2462 2511 κῶλον

1333 2514 1502 2549 nominant,
1530 2517 1582 2545 &c.
1620 2515 1729 2545 Dicitur
1749 2518 1775 2545 δι
1795 2516 1885 2553 κῶλον,
1907 2517 1953 2547 ile.
1996 2518 2120 2548 Hermol.
2141 2519 2171 2547 in
2186 2528 2229 2556 37.
2252 2528 2337 2559 caput
2357 2522 2458 2558 Plinii,

1332 2551 1381 2581 lib.
1400 2561 1443 2581 11.
1466 2552 1538 2582 Nam
1552 2552 1605 2587 ile,
1631 2555 1706 2590 quod
1722 2554 1818 2583 infima
1837 2561 1914 2592 parte
1939 2554 2108 2585 collocatum
2125 2556 2164 2586 est
2182 2557 2210 2586 in
2228 2557 2360 2594 immine,
2381 2561 2460 2586 κῶλον

1334 2589 1429 2618 Graece
1444 2590 1554 2620 dicitur.
1593 2590 1675 2620 Unde
1686 2598 1778 2621 autem
1791 2592 1827 2621 ile
1838 2594 1953 2627 dicatur,
1976 2593 2061 2631 paulo
2070 2601 2135 2623 ante
2147 2594 2270 2626 declarat
2279 2618 2288 2632 ‚
2311 2597 2353 2626 Est
2364 2606 2459 2628 autem

1332 2626 1387 2661 ila,
1409 2627 1464 2656 five
1481 2638 1495 2657 a
1515 2628 1611 2658 Graeco
1631 2629 1704 2659 dieta
1719 2651 1727 2665 ‚
1757 2630 1833 2660 unde
1854 2631 2008 2669 gracilioris
2027 2632 2149 2661 intestini
2170 2633 2283 2664 morbus
2299 2635 2457 2673 appellatur

1332 2664 1402 2694 ileos
1412 2686 1420 2700 ,
1442 2665 1470 2694 id
1482 2667 1520 2695 est
1531 2668 1617 2696 aneae:
1641 2667 1696 2697 sive
1708 2667 1742 2696 ab
1753 2669 1797 2697 ina
1807 2690 1814 2702 ‚
1837 2679 1891 2705 quo
1903 2669 1989 2698 verbo
2011 2670 2063 2704 (ut
2073 2670 2110 2699 est
2122 2671 2197 2708 apud
2209 2671 2334 2707 Festum)
2354 2673 2460 2703 tenuis-

1333 2702 1397 2731 sima
1408 2713 1471 2740 pars
1484 2705 1533 2739 rei,
1546 2703 1599 2733 sive
1609 2705 1739 2739 pellicula
1750 2705 1925 2743 significatur.
1946 2707 2014 2736 Haec
2025 2707 2082 2736 ille.
2104 2708 2128 2738 Is
2140 2708 2253 2739 morbus
2268 2712 2294 2740 Sc
2305 2711 2436 2741 chordios
2446 2733 2456 2747 ‚

1332 2742 1360 2770 ἃ
1370 2742 1538 2779 chordapsos
1548 2752 1659 2780 quoque
1668 2744 1722 2772 dici
1734 2743 1804 2773 solet
1816 2745 1909 2774 eidem
1918 2745 2067 2774 Hermolao
2079 2746 2108 2774 in
2121 2746 2336 2783 gloffematibus.
2357 2750 2384 2777 in
2398 2759 2458 2778 ver-

1334 2778 1371 2807 bo
1384 2779 1483 2808 Colici.
1526 2780 1555 2809 V.
1580 2779 1698 2810 Linden.
1720 2781 1820 2811 Select.
1848 2783 1923 2812 Med.
1944 2783 2041 2812 Exere.
2052 2794 2078 2817 4.
2092 2784 2118 2813 δι
2134 2783 2207 2820 seqq.
2252 2787 2334 2821 Apud
2345 2786 2458 2817 Celsum

1334 2816 1403 2882 ια’λῦν
1420 2827 1478 2884 pe}1⁴
1480 2829 1490 2842 ο
1506 2817 1642 2884 scribitur.
1665 2818 1695 2850 V.
1722 2819 1806 2849 Henr.
1821 2821 1916 2859 Steph.
1931 2820 2014 2851 Thes.
2036 2821 2122 2851 Grrec.
2133 2821 2194 2851 Vol.
2205 2824 2294 2853 2.col.
2308 2833 2369 2861 525.
2382 2831 2456 2855 extr.

1334 2856 1360 2884 ὅ(
1397 2855 1444 2884 0ίῖ
1467 2855 1491 2883 “t
1504 2866 1558 2884 ‘mo
1573 2866 1589 2885 0
1611 2879 1617 2885 .

1332 2892 1394 2922 Coli
1407 2866 1696 2924 vitiuniefficagiffime
1707 2894 1815 2926 sanatur
1824 2905 1873 2926 ave
1884 2895 1998 2934 galerita
2009 2896 2098 2927 assain
2110 2897 2175 2927 cibo
2186 2897 2302 2936 sumpta.
2325 2898 2393 2929 Plin.
2404 2900 2455 2930 lib.

1349 2940 1394 2960 20.
1407 2940 1438 2960 ca
1462 2954 1467 2960 .
1479 2940 1504 2966 7.

1330 2968 1393 2997 Coli
1403 2941 1552 3000 toiiuenta.
1592 2969 1661 3000 Plin.
1674 2970 1722 3000 lib.
1733 2980 1778 3000 22.
1792 2980 1853 3009 cap.
1866 2981 1911 3002 22.
1931 2971 1988 3001 Nisi
1999 2972 2046 3002 hic
2057 2982 2107 3009 pro
2123 2972 2291 3011 Morboipso
2300 2975 2426 3012 ponitur.

1329 3006 1432 3035 Colum
1441 3008 1545 3045 quippe
1556 3029 1564 3042 ,
1587 3008 1625 3038 est
1635 3010 1717 3038 etiam
1733 3010 1822 3038 morbi
1841 3019 1936 3047 genus.
1978 3010 2046 3039 Plin.
2059 3010 2108 3039 lib.
2124 3016 2169 3040 26.
2183 3020 2243 3048 cap.
2259 3021 2281 3042 1.
2315 3013 2343 3041 ld
2363 3013 2452 3049 ipsum

1348 3045 1473 3073 mirabile
1486 3067 1493 3080 ‚
1514 3045 1584 3075 alios
1604 3047 1760 3081 (morbos)
1782 3047 1904 3077 desinere
1918 3048 1948 3077 in
1965 3047 2046 3077 nobis
2057 3070 2064 3083 ,
2085 3047 2154 3078 alios
2174 3049 2287 3083 durare,
2307 3050 2385 3079 sicuti
2399 3051 2452 3080 Co-

1347 3081 1415 3112 lum.
1456 3083 1683 3114 TiberiiCaesaris
1704 3086 1863 3124 principatu
1879 3085 1981 3123 irrepsit
1999 3086 2028 3114 id
2051 3086 2174 3121 malum,
2196 3096 2249 3116 nec
2265 3088 2406 3124 quisquam
2422 3089 2452 3118 id

1347 3120 1422 3157 prior
1431 3121 1597 3158 imperatore
1606 3122 1665 3159 ipso
1675 3123 1754 3152 sensit
1766 3134 1773 3159 3
1797 3123 1899 3160 Magna
1910 3124 2028 3152 civitatis
2039 3124 2155 3160 ambage
2171 3146 2179 3158 ,
2199 3134 2263 3154 cum
2275 3125 2367 3155 edicto
2379 3127 2452 3162 ejus,

1349 3158 1506 3188 excusantis
1516 3160 1705 3190 valetudinem
1716 3183 1724 3195 ,
1746 3161 1884 3198 legeretur
1896 3171 1999 3190 nornen
2012 3162 2197 3199 incognitum.

1328 3194 1419 3224 Colon
1430 3218 1438 3231 ‚
1460 3198 1580 3232 [κῶλον]
1601 3198 1638 3227 est
1649 3199 1732 3228 etiam
1743 3198 1901 3228 Membrum
1912 3199 2055 3228 orationis.
2098 3199 2244 3229 Commata
2261 3200 2359 3230 Cicero
2368 3208 2452 3232 vocat

1346 3233 1448 3263 incisa:
1471 3235 1541 3264 Sunt
1560 3237 1635 3265 enim
1657 3237 1825 3274 impersee‘tae
1846 3238 2002 3266 orationes:
2025 3235 2102 3266 cola:
2125 3237 2251 3267 membra
2271 3238 2348 3274 sunt,
2370 3241 2397 3269 δι
2419 3241 2450 3269 in

1345 3271 1429 3308 longa
1444 3273 1684 3303 circumductione
1704 3284 1783 3312 paene
1803 3275 1931 3311 per‘r‘ec‘tae
1953 3274 2101 3304 orationes.
2123 3282 2154 3303 ut
2171 3275 2254 3304 colon
2272 3278 2326 3311 est,
2349 3277 2448 3314 Quum

1345 3310 1433 3339 multa
1443 3332 1450 3346 ,
1474 3311 1635 3346 pontifices,
1658 3322 1672 3341 a
1683 3312 1832 3347 majoribus
1842 3312 1940 3341 nostris
1954 3312 2088 3341 divinitus
2098 3313 2212 3342 inventa
2225 3321 2308 3350 atque
2325 3315 2449 3346 instituta

1345 3347 1427 3378 sunt:
1452 3348 1532 3377 Aliud
1542 3350 1644 3383 colon,
1665 3350 1737 3379 'suin
1752 3350 2005 3387 nihilpraeclarius,
2027 3360 2108 3386 quam
2128 3351 2205 3386 quod
2224 3361 2273 3381 vos
2287 3352 2400 3382 eosdem
2420 3356 2449 3383 δι

1344 3386 1528 3422 religionibus
1540 3387 1654 3416 deorum
1666 3387 1865 3416 immortalium
1875 3409 1883 3421 ,
1906 3389 1931 3417 ἃ
1942 3387 2054 3416 sumniae
2066 3387 2144 3425 Reip.
2157 3389 2269 3426 praeeffe
2279 3390 2446 3421 voluerunt:

1344 3422 1400 3452 Sed
1413 3433 1503 3461 partes
1523 3424 1650 3454 colorum
1667 3425 1728 3454 sunt
1745 3433 1891 3454 commata.
1914 3432 1963 3460 ut,
1985 3425 2101 3455 Inventa
2121 3432 2204 3463 atque
2221 3427 2344 3458 instituta
2365 3429 2447 3466 sunt,

1344 3462 1370 3490 ὁὶ
1380 3482 1388 3496 ,
1413 3462 1607 3499 Religionibus
1616 3463 1732 3491 deorum
1743 3463 1952 3492 immortalium.
1976 3463 2006 3492 V.
2028 3463 2147 3493 Incisum
2157 3486 2164 3499 ‚
2185 3465 2214 3493 in
2234 3476 2243 3493 1
2255 3470 2321 3495 Nci
2332 3477 2349 3495 n
2360 3477 2386 3495 o.

1324 3500 1401 3525 Κῶλκ
1417 3501 1484 3535 quid
1497 3500 1547 3528 sint
1558 3522 1565 3533 .
1587 3500 1710 3536 dignosci
1724 3500 1812 3535 potest
1827 3510 1862 3529 ex
1878 3500 1934 3530 Cic.
1948 3500 1983 3530 de
1996 3500 2066 3531 Clar.
2079 3502 2156 3531 Orat.
2171 3505 2231 3532 162.
2253 3503 2446 3542 Comprehen-

1342 3536 1398 3570 si0,
1421 3538 1529 3574 inquit,
1551 3538 1708 3566 &ambitus
1723 3538 1769 3566 ille
1783 3538 1929 3567 verborum
1951 3538 1991 3574 (si
2008 3538 2043 3568 fic
2065 3540 2214 3577 periodum
2231 3541 2366 3579 appellari
2386 3542 2446 3580 pla-

1341 3576 1408 3610 cet)
1431 3583 1487 3604 erat
1496 3576 1570 3612 apud
1584 3576 1660 3604 illum
1670 3577 1828 3605 contra-stus
1840 3577 1866 3605 &
1877 3575 1968 3605 brevis
1978 3598 1986 3611 ,
2008 3578 2034 3606 ὁὶ
2046 3576 2074 3606 in
2085 3578 2210 3607 membra
2218 3581 2361 3616 quaedam,
2383 3590 2444 3617 quae

1342 3612 1412 3638 κῶλα
1424 3613 1510 3641 Grreci
1523 3619 1641 3646 vocant,
1663 3613 1842 3649 dispertiebat
1851 3614 2005 3643 orationem
2018 3614 2158 3644 libentius.

1283 3649 1331 3679 Co
1342 3661 1357 3677 L
1369 3652 1379 3678 i
1390 3660 1406 3679 c
1417 3660 1456 3678 us
1469 3672 1476 3685 ,
1499 3660 1513 3678 a
1524 3672 1533 3684 ‚
1555 3660 1611 3679 um.
1635 3651 1758 3686 [zm-arca}
1773 3651 1895 3686 Galen.]
1918 3652 1977 3683 Adi.
2007 3659 2056 3687 ut,
2087 3652 2199 3683 Colicus
2217 3652 2299 3682 dolor
2309 3676 2317 3689 ,
2340 3655 2397 3692 Qui
2411 3656 2442 3685 in

1319 3686 1384 3716 colo
1397 3710 1404 3722 ,
1427 3688 1482 3716 hoc
1491 3688 1528 3716 est
1537 3687 1620 3716 crasso
1633 3690 1658 3717 3(
1670 3689 1792 3717 maximo
1803 3689 1933 3718 intestino
1948 3689 2059 3718 flatibus
2071 3691 2188 3728 oppleto
2198 3713 2206 3726 ,
2227 3695 2351 3728 generari
2363 3693 2439 3723 [olet.

1320 3725 1389 3754 inde
1400 3726 1484 3754 etiam
1498 3725 1623 3754 Colicum
1633 3725 1776 3754 hominem
1786 3727 1914 3756 dicimus.
1954 3727 2020 3757 Plin.
2031 3727 2079 3758 lib.
2090 3738 2134 3759 20.
2147 3738 2208 3767 cap.
2218 3740 2246 3765 4.
2275 3730 2441 3768 Praxagoras

1321 3763 1439 3792 &iliosis
1449 3763 1556 3791 dandos
1564 3764 1671 3799 censet,
1695 3763 1856 3793 l'lissonicus
1866 3766 1892 3794 ἃ
1901 3765 2008 3795 colicis.

1319 3800 1404 3829 Passio
1414 3800 1511 3829 colica.
1534 3800 1626 3829 isidor.
1639 3812 1662 3835 4,
1676 3810 1701 3835 7.

1281 3837 1329 3867 Co
1341 3847 1474 3903 LssCON’
1496 3835 1645 3873 [κωλιιδν]
1666 3839 1905 3870 Medicamentum
1931 3841 1967 3870 ad
1992 3840 2120 3872 dolorem
2150 3842 2272 3872 intestini
2293 3842 2436 3880 plenioris.

1319 3875 1357 3904 Ce
1383 3876 1449 3904 .lib.
1482 3885 1564 3905 .ca).
1579 3886 1620 3904 ι.

1280 3913 1303 3942 C
1314 3923 1330 3941 o
1340 3924 1354 3941 L
1364 3914 1375 3941 ἶ
1384 3922 1401 3941 c
1411 3923 1434 3944 r..
1448 3887 1487 3942 es.
1500 3912 1518 3942 f.
1537 3885 1680 3949 inanimi]
1701 3913 1788 3942 idern.
1801 3915 1928 3944 Scribon.
1941 3915 2051 3952 Largus,
2065 3927 2124 3946 1²0.
2145 3917 2224 3946 Cassii
2234 3917 2337 3945 medici
2346 3917 2436 3948 colice

1317 3950 1400 3980 bona.
1423 3950 1500 3980 idem
1512 3960 1573 3981 121.
1595 3951 1691 3981 Colice
1700 3952 1970 4020 mirificaffiutlliidssgffi
1982 3954 2295 3985 tollitinflaiiiniationes
2313 3955 2389 4021 goii..

2333 4001 2436 4023 uniitur
