2600 4177
1 1309 13 1367 i

449 159 487 194 'C
584 159 612 194 E
708 160 738 194 R

92 240 184 278 gionis
195 242 236 271 vis
252 241 303 271 suit
316 263 322 275 ,
343 246 373 270 ut
385 239 496 277 quidam
507 241 688 277 imperatores
699 242 783 271 etiam
795 241 898 280 seipsos
916 242 969 272 diis
990 241 1194 273 immortalibus

95 281 186 316 capite
196 279 286 308 velato
296 280 376 308 certis
387 278 475 306 verbis
488 287 537 314 pro
548 278 654 315 Repub.
670 279 848 309 devoverent.

76 313 171 353 Verbis
179 316 340 351 quibusdam
351 316 433 344 certis
445 315 502 344 fieri
513 315 673 345 divortium.
705 317 761 346 Cic.
778 329 799 346 1.
817 318 851 346 de
864 318 942 348 Orat.
959 324 1016 352 ¹82-
1039 319 1127 348 Certis
1137 316 1195 350 oui-

94 354 207 382 busdam
219 352 309 389 Yerbis
322 375 329 387 ,
351 362 408 381 non
420 354 500 381 novis
513 354 616 391 nuptiis
627 376 634 387 ,
657 353 713 383 fieri
725 365 788 384 cum
798 355 937 392 superiore
953 356 1102 386 divortium
1112 378 1120 390 ‚
1142 357 1195 384 &c-

97 392 139 421 De
156 391 214 420 viro
229 390 369 425 loquitur,
391 391 436 427 qui
449 390 543 419 relicta
562 392 650 428 prima
663 402 767 427 uxore,
790 402 848 422 non
866 394 932 423 dato
951 394 1046 423 libello
1066 394 1196 432 repudii,

94 428 242 458 secundam
253 428 341 456 duxit.

78 463 151 496 Vitia
161 472 234 494 certa
244 465 328 493 vocis.
368 464 427 493 Cic.
442 473 465 499 3.
486 465 521 493 de
533 465 609 494 Orat.
625 471 667 500 ³8.
690 467 761 496 Sunt
770 468 844 496 enim
857 474 930 497 certa
940 469 1005 497 vitia
1015 491 1021 502 ‚
1044 478 1104 505 quse
1114 477 1199 497 nemo

97 503 135 532 est
146 503 212 540 quin
223 501 344 539 effugere
357 503 470 539 cupiat.
494 503 586 533 mollis
597 513 661 539 vox,
683 512 713 534 ut
725 504 870 534 muliebris
879 528 887 541 ,
909 506 1041 543 autquasi
1053 513 1131 536 extra
1141 513 1200 535 mo-

97 541 165 570 dum
177 539 278 569 absona
289 546 370 576 atque
381 537 504 569 absurda.

80 578 140 610 Vox
150 586 222 607 certa
235 578 261 606 &
276 577 393 606 conscia.
417 578 535 607 Martial.
548 578 594 607 lib.
610 588 620 607 1
630 589 651 607 ι.
661 583 706 609 62.
728 579 770 609 De
782 579 894 610 Maneio
904 603 912 616 ,

160 615 193 646 Et
203 625 272 644 voce
284 621 358 644 certa
368 637 375 646 .
398 613 562 652 consciaque
575 614 702 651 dicebat,

160 653 229 682 Pucr
240 675 248 687 ,
269 663 302 681 an
315 652 409 690 puella
422 655 514 683 matris
524 653 591 683 ell‘ct
600 654 627 682 in
640 661 744 684 ventre.

81 685 257 720 Voluntatem
269 690 384 725 alicujus
403 690 480 720 alteri
496 698 599 720 certam
619 692 673 721 effe
685 714 693 728 ,
716 692 800 722 Alteri
815 692 981 724 Consentire.
1004 694 1077 731 virg.
1089 704 1115 731 4.
1136 692 1199 725 AEn.

102 738 164 765 ης.
185 729 231 758 ubi
242 727 316 764 Juno
329 728 462 757 Venerem
474 729 623 766 alloquitur
633 752 641 763 ,

273 766 420 795 ——aderoz
444 768 469 796 ἂ
482 773 530 797 tua
540 767 557 796 si
567 767 636 796 mi'ni
648 773 722 796 certa
733 767 862 797 voluntas
874 791 881 803 ,

134 803 286 832 Connubio
297 804 411 841 jungam
422 804 520 835 stabili.
579 805 597 834 i.
610 815 634 834 c.
656 806 683 834 Si
699 812 777 834 tuum
788 806 870 835 etiam
882 807 1005 837 ossicium
1016 807 1202 846 subsequatur.

80 839 214 878 Voluptas
227 847 300 870 certa
312 842 336 870 ἅ
349 852 417 879 pura
428 844 525 876 mattis.
548 842 657 872 Lucret.
671 842 719 872 lib.
735 854 760 877 4.
779 848 856 878 1069.

80 877 178 908 Usuras
193 886 279 908 certas
293 880 424 916 pendere.
465 880 577 919 Ulpian.
590 880 608 910 l.
630 881 659 910 Si
677 882 883 911 remunerandi.
907 882 928 919 §.
955 883 1035 921 Apud
1047 883 1200 920 Julianum.

45 929 51 937 ι
100 916 131 946 D.
145 916 269 946 Mandat.
280 917 323 945 vel
336 924 424 946 contr.

79 954 198 990 Certus,
219 964 270 993 pro
284 954 378 984 Veloci
394 955 548 985 autFideli.
574 955 648 992 Virg.
667 966 688 984 1.
703 954 766 985 ffin.
781 962 843 991 580.

272 1008 309 1013 —
317 994 449 1029 equidem
459 1003 508 1031 per
517 993 609 1022 littora
624 1001 715 1022 certos

172 1029 316 1059 Dimittam
328 1052 336 1065 ,
352 1032 379 1060 Sc
389 1031 480 1068 Libyae
490 1031 598 1060 lustrare
609 1038 731 1060 extrema
747 1031 860 1065 jubebo.
943 1033 997 1063 Ubi
1016 1034 1126 1064 Servius
1140 1035 1205 1064 Cer-

95 1067 429 1106 tosinterpretatur,saut
444 1069 558 1098 Veloces
569 1091 576 1104 ,
599 1076 646 1098 aut
666 1069 780 1098 Fideles.
823 1070 975 1107 Utrumque
986 1073 1061 1101 enim
1072 1094 1079 1107 ‚
1102 1073 1202 1109 inquit,

98 1105 227 1136 hocloco
241 1105 382 1144 significat.
423 1106 578 1144 Aliquando
589 1109 615 1137 ἃ
630 1108 753 1137 Firmos:
777 1113 807 1136 ut
821 1108 928 1138 Sallust.
953 1111 1033 1148 Apud
1045 1111 1128 1140 latera
1147 1119 1204 1139 cer-

100 1150 143 1172 tos
155 1143 302 1174 locaverat.
340 1144 495 1181 Aliquando
508 1147 534 1175 ὁζ
546 1145 695 1174 Deliberati
705 1145 811 1181 judicii.

77 1179 196 1217 Certus,
217 1191 282 1211 cum
294 1183 487 1220 praepoiitione
498 1183 529 1213 ln
540 1205 547 1217 ,
569 1183 612 1212 vel
635 1183 704 1220 Erga
717 1205 725 1218 ,
748 1183 887 1212 interdurn
905 1184 982 1215 idem
999 1186 1037 1215 est
1054 1185 1130 1223 quod
1142 1185 1204 1215 Pro-

99 1219 177 1258 sper,
199 1221 225 1251 &
236 1220 271 1250 de
281 1230 337 1258 quo
349 1221 447 1250 melius
459 1220 591 1250 confidas.
614 1220 702 1250 Valet.
724 1231 744 1249 1.
759 1222 858 1258 Argon.
875 1232 916 1257 17.

274 1273 311 1278 -—
325 1268 416 1295 neque
425 1259 501 1288 enim
513 1259 541 1287 in
553 1259 650 1295 Tyrias
661 1258 801 1295 Cynosura
812 1260 918 1290 carinas

173 1294 282 1324 Certior
291 1317 298 1330 ,
321 1302 369 1325 aut
380 1296 469 1326 Graiis
481 1296 556 1326 Elice
567 1297 697 1325 servanda
710 1297 849 1334 magistris.

80 1328 361 1364 Dubium&Certum
372 1356 379 1367 ,
402 1335 545 1364 contraria.
568 1334 676 1363 Lucret.
694 1334 741 1368 lib.
756 1346 782 1370 4.
796 1341 860 1372 478.

173 1371 308 1401 Notitiam
318 1372 376 1401 veri
386 1381 444 1407 quae
456 1382 497 1401 res
509 1372 622 1409 salsique
633 1373 749 1401 crearit:

147 1445 152 1452 .
174 1409 207 1438 Et
218 1410 335 1439 dubium
345 1418 420 1440 certo
433 1420 494 1447 quae
505 1420 546 1440 res
560 1410 673 1440 differre
684 1410 816 1448 probarit.

81 1444 167 1478 Maris
177 1454 260 1515 cerga.
298 1448 388 1478 Tacit.
401 1459 426 1485 4.
440 1448 507 1478 nist.
523 1454 567 1482 ει.
589 1448 679 1478 Statos
691 1448 787 1478 aestivis
799 1448 909 1478 flatibus
922 1449 981 1479 dies
995 1450 1022 1480 δε
1035 1454 1110 1480 certa
1121 1450 1206 1480 maris

100 1494 119 1516 Q
160 1494 215 1514 erle
238 1491 305 1515 atur.

83 1494 195 1552 Ceffim
207 1524 339 1561 quiddam
350 1525 376 1554 Sc
387 1524 470 1554 breve
479 1524 603 1562 exempli
620 1524 699 1554 causa
711 1533 858 1562 ponamus.
883 1524 941 1554 Cic.
958 1534 980 1553 1.
994 1525 1029 1554 de
1040 1525 1147 1555 Invent.
1159 1528 1203 1555 66.

78 1560 206 1591 Certiora
216 1563 278 1592 sunt
287 1572 369 1600 quam
386 1572 446 1599 quae
457 1563 531 1600 apud
543 1563 664 1600 Sagram.
706 1561 887 1592 Proverbialis
902 1562 1009 1591 locutio
1021 1586 1028 1597 ,
1050 1565 1129 1599 cujus
1150 1573 1208 1592 me-

64 1620 66 1622 ,
101 1599 184 1628 minit
195 1599 252 1630 Cic.
267 1610 289 1635 3.
301 1601 336 1629 de
352 1600 415 1630 Nat.
428 1600 511 1630 Deor.
527 1610 568 1633 ιι.
595 1601 667 1630 Nam
678 1600 713 1629 de
722 1600 814 1637 Sagra,
831 1600 993 1630 Graeeorum
1006 1601 1088 1631 etiam
1098 1602 1136 1631 est
1148 1601 1208 1631 vul-

98 1644 166 1676 'gare
176 1638 373 1676 proverbium:
396 1639 513 1676 quiquae
522 1638 660 1667 affirmant
678 1660 685 1673 ,
703 1639 823 1668 >certiora
842 1638 895 1668 else
917 1638 1015 1668 dicunt
1028 1661 1036 1675 ,
1058 1649 1142 1676 quam
1160 1639 1209 1669 illa

0 1695 4 1703 .
27 1667 29 1669 ¹
80 1677 244 1715 *quaeapud
257 1677 376 1714 Sagram.
399 1677 429 1706 V.
453 1676 552 1706 Erasm.
566 1677 594 1705 in
607 1676 724 1706 Chiliad.

0 1829 23 1856 ἰ

0 1859 23 1883 ΙἿΙ

0 1885 47 1910 ις,

0 1910 51 1936 ιι,

19 1937 23 1999 ἶ

0 1979 10 2012 ἰ

0 2026 6 2044 ι

0 2053 7 2093 ᾗ

9 2138 65 2184 ,ιν

0 2594 16 2679 i

4 2758 15 2787 '.
48 2741 73 2764 ·-‘
103 2741 215 2772 litteras.
238 2743 294 2772 hoc
304 2742 422 2771 scribere
433 2764 440 2777 ,
462 2742 510 2771 libi
521 2750 628 2771 certum
641 2741 694 2771 effe
704 2742 801 2771 Romae
812 2750 925 2770 manere
935 2742 1004 2775 ,δια

82 1714 195 1744 Certum
207 1715 245 1744 est
256 1737 263 1749 .
286 1716 303 1744 i.
314 1725 337 1743 e.
359 1715 548 1751 Manifestum.
586 1714 650 1745 Ter.
665 1714 733 1744 Eun.
750 1724 776 1750 4.
788 1724 814 1750 4.
831 1716 875 1750 36.
898 1714 959 1749 Jam
973 1714 1036 1744 satiS
1047 1720 1154 1745 certum
1168 1714 1209 1744 est

101 1752 235 1789 virginem
246 1753 375 1782 vitiatam
385 1752 439 1782 else
449 1753 462 1781 ‘2

81 1789 197 1819 Certum
213 1790 267 1820 esse
277 1791 525 1827 deliberatumque.
547 1790 606 1820 Cic.
620 1800 670 1828 pro
682 1788 760 1819 Rose.
775 1790 865 1819 Amer.
880 1799 923 1826 31.

81 1827 180 1857 Parum
191 1835 297 1858 certum
307 1829 344 1858 est
357 1829 425 1858 mihi
438 1829 545 1858 dehoc.
568 1828 628 1858 Cic.
646 1838 687 1857 10.
705 1827 778 1857 Fam.
794 1837 838 1864 23.

83 1866 198 1896 Certum
209 1867 247 1896 est
260 1868 295 1896 de
308 1867 376 1903 J‘ure.
417 1866 475 1896 Cic.
488 1877 511 1895 1.
524 1867 598 1896 Fam.
610 1877 634 1901 9.
657 1866 727 1895 mihi
741 1875 798 1894 non
814 1874 870 1895 tam
889 1865 924 1895 de
944 1866 1002 1901 iure
1023 1872 1130 1896 certum
1150 1865 1208 1903 est,

102 1905 283 1942 (quanquam
297 1915 332 1934 ne
347 1906 375 1934 id
388 1905 503 1941 quidem
513 1904 593 1934 valde
605 1904 722 1933 dubium
735 1904 792 1939 est)
814 1913 896 1941 quam
914 1903 985 1933 illud
1002 1906 1036 1934 ad
1048 1912 1124 1934 tuam
1138 1905 1210 1934 sum-

101 1952 177 1971 mam
192 1943 407 1980 amplitudinem
420 1965 427 1978 ,
449 1943 628 1979 dignitatem,
652 1941 808 1971 libertatem
825 1942 972 1979 pertinere.

84 1980 199 2010 Certum
211 1982 249 2010 est
258 1981 293 2010 de
305 1981 407 2019 aliquo.
445 1981 503 2010 Cic.
522 1991 561 2009 11.
579 1981 651 2009 Fam.
664 1990 689 2009 2.
721 1980 813 2016 Quem
833 1981 909 2009 enim
922 1980 1126 2018 impedimento
1136 1980 1210 2010 futu-

102 2028 164 2047 rum
176 2024 256 2055 putas
265 2041 273 2054 ,
295 2029 381 2056 quum
395 2019 430 2047 de
440 2018 521 2047 nobis
530 2025 637 2048 certum
651 2018 682 2047 s1t
694 2028 745 2046 nos
758 2018 922 2054 quieturos?

81 2055 197 2086 Certum
209 2057 264 2091 est,
287 2058 360 2094 apud
372 2057 584 2093 Jurisconsultos
599 2078 607 2090 ,
629 2058 707 2092 cujus
719 2056 839 2094 species,
862 2055 906 2085 vel
918 2056 1056 2093 quantitas
1067 2078 1075 2091 ,
1097 2066 1157 2094 quae
1178 2056 1208 2086 in

101 2094 272 2131 obligatione
286 2085 416 2130 veisatur,
438 2102 486 2124 aut
494 2095 610 2124 nomine
617 2093 665 2123 suo
677 2117 684 2128 ,
705 2102 751 2123 aut
761 2103 793 2122 ea
801 2094 1036 2123 demonstratione
1047 2104 1105 2131 quae
1118 2095 1210 2124 nomi-

103 2134 147 2161 nis
158 2133 218 2162 vice
226 2133 359 2170 fungitur,
375 2132 463 2170 qualis
473 2139 630 2171 quantaque
641 2133 673 2161 {it
685 2132 838 2161 ostenditur
847 2132 865 2161 l.
879 2136 904 2161 6.
916 2132 949 2161 D.
963 2132 998 2161 de
1010 2132 1065 2161 reb.
1079 2132 1210 2162 creditor.

81 2170 198 2208 'Certum
211 2172 248 2199 est
263 2193 270 2205 ‚
291 2167 382 2207 [δῆλον
393 2194 400 2206 ,
421 2168 559 2206 Athama]
579 2181 638 2199 non
649 2171 734 2199 modo
748 2171 883 2208 accipitur
894 2180 946 2208 pro
958 2170 1137 2199 Manifestum
1151 2171 1189 2200 est
1199 2193 1208 2205 ,

84 2213 87 2215 ’
102 2209 214 2246 utapud
228 2209 436 2245 Quintilianum
448 2231 456 2243 ,
479 2209 589 2246 Nempe
606 2209 697 2246 legem
708 2207 765 2237 velse
779 2215 885 2237 certum
902 2209 956 2237 est:
978 2207 1026 2237 sed
1053 2210 1137 2238 etiam
1158 2217 1210 2246 pro

102 2246 296 2276 Deliberatum
308 2249 333 2277 Sc
344 2248 526 2276 constitutum
536 2248 582 2276 est.
624 2247 654 2276 ln
667 2257 721 2283 quo
730 2246 854 2275 secundo
873 2245 1037 2283 plerumque
1050 2247 1210 2283 adjungitur

69 2291 71 2293 ’
103 2284 212 2314 dativus
228 2294 292 2314 cum
302 2284 443 2315 infinitivo
457 2295 463 2314 τ
486 2293 527 2320 ut,
550 2285 665 2314 Certum
677 2285 714 2314 est
725 2284 793 2313 mihi
802 2284 841 2313 ire
857 2284 885 2312 in
899 2284 1059 2322 Hispaniam
1072 2307 1080 2320 ,
1103 2286 1114 2320 (
1127 2283 1210 2311 δῖἣν.-

102 2323 145 2349 wi
155 2324 221 2358 μμ)
243 2323 452 2361 Nonnunquam
464 2323 573 2352 dativus
585 2322 812 2359 subintelligitur,
821 2330 852 2351 ut
862 2323 938 2361 apud
954 2323 1024 2360 Virg.
1037 2333 1079 2352 10.
1090 2322 1148 2353 Ecl.
1163 2332 1207 2360 52.

177 2361 291 2390 Certum
301 2362 339 2391 est
350 2362 380 2390 in
391 2361 462 2391 silvis
474 2362 546 2391 inter
554 2360 654 2397 spelaea
662 2361 781 2390 ferarum

176 2399 263 2428 Malle
278 2400 345 2437 pati.
464 2399 531 2428 Haec
546 2399 621 2428 Valla
633 2399 681 2428 lib.
701 2409 725 2434 ς.

81 2436 199 2468 eertum
210 2437 359 2467 estfacere.
400 2436 488 2467 Plaut.
499 2437 598 2475 Amph.
619 2448 641 2466 1.
658 2447 680 2466 ι.
696 2446 757 2471 ιοφ.
780 2435 896 2465 Certum
909 2435 947 2465 est
957 2435 1104 2467 hominem
1115 2436 1213 2467 elude-

103 2485 142 2504 re.
182 2475 245 2504 Ter.
259 2475 329 2505 Eun.
343 2485 368 2505 2.
381 2483 462 2510 ξμςς.
484 2475 513 2504 Si
523 2483 631 2505 certum
641 2475 775 2504 estfacere
786 2496 793 2508 ,
813 2474 910 2504 facias.

83 2510 151 2544 Non
159 2520 264 2543 certum
275 2512 390 2543 estiniiii
402 2512 469 2550 quid
480 2521 567 2550 agam.
589 2512 653 2543 Ter.
669 2514 738 2542 And.
755 2522 777 2541 1.
799 2521 821 2548 3.
836 2523 863 2547 4.
886 2537 887 2540 ,

84 2551 158 2582 Mihi
168 2556 277 2582 certum
292 2553 338 2581 est.
380 2551 439 2581 Cic.
451 2561 477 2589 7.
487 2555 541 2583 Att.
556 2561 579 2589 3.
602 2551 676 2581 Mihi
692 2558 802 2580 certum
816 2550 854 2580 est
866 2549 899 2579 ab
909 2549 1095 2580 honestissima
1103 2550 1212 2581 senten-

64 2592 66 2594 ’
101 2590 139 2619 tia
149 2590 269 2626 digitum
283 2590 428 2628 nusquam.

77 2623 197 2658 Certum
211 2627 317 2657 esttibi.

358 2627 423 2657 Ter.
436 2627 504 2657 Eun.
520 2636 544 2664 3.
560 2636 584 2664 3.
598 2632 642 2663 ξι.
665 2626 772 2657 Siistuc
789 2626 826 2656 ita
841 2634 950 2656 certum
963 2626 1002 2655 est
1015 2627 1077 2664 tibi,
1099 2627 1210 2663 amabo,

103 2665 210 2695 utilluc
219 2666 337 2696 transeas
349 2688 356 2701 ,
379 2665 426 2695 ubi
438 2665 483 2695 illa
491 2666 529 2695 est
540 2688 548 2702 ,
562 2668 614 2695 &a

84 2703 198 2733 Certum
209 2704 248 2733 est
262 2726 270 2738 ,
291 2714 343 2742 pro
354 2704 462 2733 Tutum
472 2704 518 2734 est.
560 2703 618 2733 Cic.
633 2712 673 2738 ¹³-
688 2703 740 2732 Att.
753 2712 778 2740 7.
802 2701 911 2732 'Venisse
931 2711 946 2730 a
963 2701 1067 2732 Caesare
1083 2703 1213 2732 narrabat

82 2777 198 2810 'Certum
209 2786 292 2818 atque
304 2780 483 2810 obstinatum.
506 2779 564 2810 Liv.
578 2789 603 2809 2.
621 2790 664 2815 1¹5.

85 2817 198 2847 Certum
208 2818 245 2848 est
255 2819 346 2848 istuc‘?
367 2815 432 2848 Ter.
446 2819 514 2848 Hec.
530 2828 555 2847 2.
569 2827 596 2847 2.
611 2827 654 2854 30.

84 2855 238 2886 Definitum
255 2864 303 2886 aut
314 2863 421 2886 certum
433 2855 495 2886 esse.
535 2855 594 2886 Cic.
608 2865 633 2893 3.
646 2855 720 2885 Fam.
734 2859 759 2888 8.
782 2853 862 2883 Ni'nil
875 2853 953 2883 enim
961 2853 1067 2883 habent
1076 2854 1153 2892 quod
1163 2854 1212 2884 de-

54 2916 70 2922 -.
101 2893 270 2930 finitumfit,
291 2902 339 2924 aut
354 2900 471 2924 certum.

85 2931 186 2962 Audire
197 2938 304 2962 certum
315 2955 323 2968 ,
345 2943 395 2970 pro
406 2932 491 2962 Certo
503 2931 608 2962 audire.
629 2931 698 2961 Hor.
714 2940 740 2960 2.
755 2931 842 2960 Serm.
856 2937 880 2966 ς.
895 2939 957 2959 ισο.

164 2970 199 3000 Et
209 2978 317 3000 certum
330 2971 449 3007 vigilans
458 2992 466 3007 ‚
507 2976 591 2999 uartae
601 2970 632 2999 fit
647 2970 731 3007 partis
743 2968 847 3006 Ulysses
998 3005 1004 3010 1
1196 3002 1199 3004 .

166 3009 290 3038 Audieris
303 3009 398 3038 haeres.
514 3009 584 3038 otest
598 3008 681 3037 etiam
698 3007 803 3045 exponi
815 3006 930 3036 Certum
950 3004 1069 3043 vigilans
1081 3029 1089 3043 ‚
1111 3005 1211 3045 eadem

100 3046 227 3082 'rat-ione,
245 3057 299 3085 pro
312 3047 397 3076 Certo
410 3046 535 3085 vigilans.

67 3083 71 3101 ³
82 3079 313 3115 Clare&certum
324 3084 400 3122 loqui
415 3107 423 3120 ,
444 3086 462 3114 i.
475 3093 498 3114 e.
522 3085 655 3123 Aperte&
667 3082 795 3113 distinete
806 3104 814 3118 ‚
835 3087 868 3111 ut
884 3081 918 3111 ab
936 3081 1066 3111 omnibus
1073 3080 1212 3119 intelliga-

103 3128 156 3152 tur.
181 3123 247 3153 Hor.
266 3133 292 3152 2.
310 3123 397 3153 Serm.
411 3127 436 3152 6.
452 3132 497 3159 ²7-

85 3158 187 3190 Facere
197 3161 281 3191 alicui
293 3168 410 3190 certum.
445 3160 531 3190 Plaut.
546 3159 642 3189 Pseud.
651 3168 678 3189 2.
689 3166 714 3188 2.
724 3169 751 3195 4.
778 3158 871 3188 Nimis
881 3155 966 3186 velim
980 3157 1027 3194 qui
1037 3162 1146 3186 certum
1160 3157 1213 3187 mi-

103 3198 135 3228 hi
146 3199 231 3228 faciat
240 3219 248 3234 ,
268 3198 379 3228 Ballion
392 3198 440 3228 hic
449 3198 514 3228 leno
526 3198 574 3227 ubi
585 3197 702 3227 habitet.

85 3232 186 3266 Facere
197 3237 280 3266 alicui
289 3238 398 3266 oe‘rtius.
441 3236 526 3266 Plaut.
538 3236 616 3266 Men.
632 3246 656 3269 ς.
668 3246 694 3265 2.
713 3244 754 3265 12.
777 3234 838 3264 Nec
851 3233 918 3271 quid
926 3233 956 3262 id
968 3233 1008 3268 sit,
1027 3233 1097 3262 mihi
1109 3233 1212 3263 certius

105 3275 174 3304 facit
183 3297 192 3310 ,
214 3275 283 3312 quid
297 3275 366 3305 velit
375 3297 383 3310 ,
404 3275 472 3311 quid
484 3284 528 3303 me
543 3273 659 3303 arceffit.
1119 3309 1125 3315 ²
1174 3309 1179 3315 ¹
1205 3309 1211 3315 .

86 3311 188 3380 Ρῗοειῧ
197 3313 320 3350 aliquem
330 3320 447 3343 certum.
487 3312 574 3343 Plaut.
586 3312 680 3342 Pseud.
696 3321 720 3341 1.
732 3320 756 3341 1.
773 3313 815 3341 16.
836 3309 891 3340 Fac
902 3318 947 3338 me
956 3313 1066 3338 certum
1079 3309 1146 3346 quid
1159 3308 1213 3340 trbl

103 3355 148 3382 '‘rt.
191 3352 238 3388 irg.
255 3360 278 3386 3.
294 3352 356 3382 AEn.
372 3357 431 3388 179.

166 3389 305 3418 Anchisen
318 3390 391 3419 facio
403 3394 526 3424 eertum,
546 3394 661 3425 remque
673 3387 772 3416 ordine
782 3392 893 3424 promo.

87 3421 199 3456 Habere
207 3427 313 3464 aliquid
325 3434 439 3457 certum-
448 3427 501 3456 Cic
513 3436 536 3456 1.
548 3428 628 3460 Att.8.
640 3425 739 3465 Neque
749 3431 842 3454 tamen
854 3424 882 3452 id
892 3421 979 3460 ipsum
991 3427 1096 3452 certum
1106 3422 1211 3453 habeo.

80 3462 198 3494 ‘Habere
217 3473 324 3497 certum
342 3466 377 3495 de
395 3464 488 3502 aliquo
501 3464 568 3501 quid
584 3470 659 3502 agat.
696 3463 755 3492 Cic.
773 3472 814 3491 12.
831 3462 947 3504 Fam-5.
968 3459 1045 3489 Idem
1061 3470 1083 3489 1.
1103 3461 1138 3489 de
1147 3461 1210 3491 Nat.

108 3502 191 3532 Deor.
205 3507 230 3533 6.
254 3503 378 3533 Multum
386 3510 479 3532 autem
488 3501 596 3532 fluxisse
607 3503 690 3531 video
701 3501 735 3530 de
745 3501 821 3529 libris
833 3500 930 3529 nostrls
945 3520 952 3532 ,
972 3507 1040 3542 quos
1050 3497 1143 3542 plures
1153 3499 1212 3528 bre-

106 3540 137 3569 vi
147 3548 273 3579 tempore
289 3542 430 3570 edidimus
443 3563 451 3576 ,
473 3541 635 3577 variumque
648 3539 803 3568 sermonem
814 3538 914 3575 partim
924 3536 1123 3580 admirantium
1136 3559 1144 3571 ,
1163 3544 1214 3566 ur..

108 3578 144 3607 de
153 3578 207 3607 hoc
214 3579 432 3617 philosophandi
447 3578 527 3607 nobis
534 3577 625 3607 subito
633 3577 753 3607 studium
764 3575 912 3610 extitisset,
933 3579 1034 3611 partlm
1043 3596 1050 3609 ‚
1072 3575 1138 3611 quid
1149 3585 1214 3612 qua-

108 3625 161 3654 que
171 3616 206 3646 de
216 3627 244 3646 re
258 3619 326 3646 certi
337 3617 502 3646 haberemus
514 3638 521 3651 ,
542 3616 610 3645 scire
623 3615 807 3654 cupientium.
847 3613 926 3643 Idem
940 3616 965 3641 6.
981 3612 1035 3641 Art.
1049 3623 1072 3648 5.
1102 3612 1145 3642 De
1157 3622 1213 3651 quo

105 3654 199 3683 adhuc
209 3654 281 3684 nihil
291 3656 359 3684 certi
372 3654 550 3684 habebamus.

89 3689 204 3721 Mittere
217 3700 290 3722 certa
305 3694 340 3722 ad
351 3692 480 3730 aliquem.
508 3692 569 3722 Cic.
586 3694 628 3721 16.
641 3690 694 3720 Att.
709 3699 751 3728 13.
774 3688 879 3719 Omnia
890 3688 973 3725 igitur
983 3687 1067 3717 velim
1077 3687 1212 3727 explices,

109 3730 136 3758 &
149 3730 184 3759 ad
194 3740 239 3759 me
247 3738 323 3760 certa
332 3731 433 3760 mittas.

88 3762 218 3797 Inveni-re
225 3775 342 3798 certum.
383 3768 413 3798 V.
436 3779 446 3797 1
455 3778 475 3797 N
483 3776 501 3797 v
509 3777 524 3797 ιι
533 3777 555 3796 N
565 3778 574 3796 ι
584 3778 611 3797 o.

91 3803 205 3835 Nescire
216 3813 330 3836 certum.
359 3806 419 3839 Cic.
431 3816 483 3844 pro
493 3805 562 3836 Sull.
575 3812 600 3841 8.
622 3803 679 3835 Sed
689 3809 782 3833 tamen
791 3802 859 3840 quid
868 3800 1011 3840 respondit
1020 3800 1055 3831 de
1067 3801 1142 3832 Sulla
1150 3802 1214 3833 Cas-

74 3849 78 3864 2
110 3842 185 3872 sius?
207 3842 233 3871 se
244 3843 347 3873 nescire
356 3850 473 3874 certum.

91 3875 198 3910 Ponere
207 3887 314 3912 certum
324 3883 354 3911 in
368 3882 470 3919 aliquo.
507 3880 568 3911 Cic.
585 3880 621 3910 de
636 3880 704 3910 Fato
724 3888 765 3909 12.
796 3877 940 3915 Quoniam
954 3883 1063 3907 certum
1077 3877 1108 3907 in
1129 3878 1213 3909 Fabio

111 3919 227 3955 'ponitur
237 3940 244 3953 ,
267 3926 360 3949 natum
370 3919 425 3949 esse
435 3929 499 3949 eum
510 3920 540 3949 in
555 3918 690 3948 Canicula
702 3918 809 3947 oriente
821 3939 829 3950 ,
846 3918 899 3946 &c.

92 3953 217 3985 Scribere
227 3956 390 3991 claracerta.
429 3957 491 3987 Cic.
507 3961 549 3987 16.
568 3959 622 3986 Att.
637 3965 678 3992 13.
709 3956 742 3985 In
760 3954 903 3992 praesentia
924 3953 995 3983 mihi
1012 3953 1097 3984 velim
1114 3954 1216 3985 scribas

113 3993 213 4062 unbus
224 4016 233 4030 ,
248 3996 300 4064 Sale.
322 4002 352 4026 tu
360 3995 430 4025 mihi
439 3996 475 4025 de
483 3995 525 4025 his
540 3994 623 4025 rebus
634 4002 694 4031 quae
708 4000 847 4022 novantur
857 4014 866 4029 ‚
886 3992 982 4022 omnia
993 4000 1069 4023 certa
1080 4010 1090 4029 5
1111 3992 1194 4023 clara.

176 4038 194 4062 Ο
203 4040 230 4063 1..

1272 3049 1467 3079 Οιῑκτιοιιῑι
1484 3057 1565 3081 rus,
1591 3047 1685 3076 Partic.
1706 3046 1818 3083 Ulpian.
1838 3046 1896 3076 iri-l.

1270 3163 1480 3196 CERTisSO,
1501 3164 1557 3190 are.
1578 3161 1734 3191 Certusfio.

1651 161 1680 197 C
1779 161 1806 197 E
1904 161 1934 196 R

1291 242 1365 272 Scire
1381 249 1497 273 certum.
1519 242 1583 272 Ter.
1599 244 1710 272 l‘lmrm.
1727 253 1749 272 ι.
1765 253 1790 272 2.
1809 249 1853 279 98.
1876 243 1940 272 Non
1960 251 2066 273 cermm
2078 242 2145 272 scio.

1292 280 1375 310 Certo
1388 282 1508 310 certius.
1532 292 1583 318 pro
1607 282 1757 310 Veriffimo.
1780 281 1842 317 JCti
1860 288 1985 310 uruntur.
2010 281 2121 316 Ulpian.
2141 280 2199 309 inl.
2219 281 2257 308 ait
2268 279 2374 310 Praetor.
2399 283 2420 318 ς.

1311 319 1338 347 Si
1350 329 1435 355 quum
1448 319 1554 347 mulier.
1581 319 1611 347 l).
1632 320 1701 355 Quae
1714 320 1838 348 insraud.
1855 319 1951 347 credit.
1976 318 2072 354 Neque
2088 319 2163 347 enim
2186 318 2236 345 dos
2252 319 2281 346 in
2297 318 2422 348 fraudem

1312 357 1482 385 creditorum
1493 357 1685 386 constituenda
1698 358 1734 386 est
1748 367 1754 385 ε
1782 359 1806 386 ἃ
1825 357 1879 386 hoc
1889 364 1966 386 certo
1977 356 2078 386 certius
2090 356 2128 386 est
2138 378 2146 390 ,
2168 358 2193 386 ἃ
2204 356 2346 393 {Lepillime
2357 367 2424 386 con-

1316 395 1449 422 stitutum.

1296 431 1375 459 Nihil
1388 430 1512 459 invenies
1526 433 1613 467 magis
1625 431 1679 460 hoc
1690 438 1766 460 certo
1777 432 1887 460 certius.
1912 430 1996 460 Plaut.
2009 430 2090 469 Capt.
2102 439 2125 464 ζ.
2138 441 2164 466 4.
2181 440 2241 459 111.

1298 468 1348 497 Pro
1363 478 1438 497 certo
1448 468 1577 496 ereditur.
1621 470 1725 498 Sallust.
1741 469 1818 497 Catil.
1830 479 1890 506 cap.
1907 479 1949 504 ις.
1973 469 2023 498 Ριο
2036 477 2112 499 certo
2122 469 2245 498 creditur
2256 475 2356 498 necato
2366 469 2424 499 filio

1318 506 1434 534 domuin
1451 504 1568 534 scelestis
1579 508 1685 543 nuptiis
1697 507 1886 536 vacuefeciss'e.

1298 543 1349 573 Pro
1366 550 1443 571 certo
1457 543 1558 571 dicere.
1598 545 1655 572 Cic.
1671 554 1695 572 2.
1710 545 1745 572 de
1761 545 1823 573 Nat.
1837 545 1917 573 Dcor.
1931 550 1976 580 48.
2000 544 2062 574 Nec
2076 544 2152 574 enim
2163 544 2338 582 huncipsum
2346 554 2426 574 mun-

1319 581 1385 609 dum
1401 590 1450 617 pro
1467 587 1541 608 certo
1557 582 1708 610 rotundum
1723 581 1777 610 eise
1791 583 1892 611 dicitis.

1298 618 1348 648 Pro
1360 624 1437 646 certo
1448 617 1557 646 hahere.
1599 619 1657 648 Cic.
1670 620 1778 654 Brut.5.
1802 620 1900 657 Neque
1909 619 2088 649 nuntiabatur
2108 621 2258 657 quicquam
2279 619 2355 657 quod
2375 630 2426 658 pro

1319 662 1394 684 certo
1408 655 1579 683 haberemus.

1298 693 1351 723 Pro
1362 700 1438 722 certo
1450 692 1549 720 habere
1562 693 1596 721 de
1607 703 1635 721 re
1649 693 1748 731 aliqua.
1788 694 1846 723 Cic.
1861 705 1886 730 9.
1898 696 1950 724 Att.
1965 700 2006 729 ¹8-
2029 694 2174 732 Quoniam
2193 695 2228 724 de
2237 695 2359 724 adventu
2368 695 2427 725 Cat-

1318 730 1383 760 saris
1396 740 1445 767 pro
1458 738 1534 758 certo
1544 730 1724 760 habebamus.

1299 768 1350 799 Pto
1362 774 1437 797 certo
1449 777 1557 804 negare.
1569 768 1629 797 Cic.
1648 780 1670 803 ς.
1685 770 1738 797 Att.
1748 778 1794 798 21.
1804 769 1858 798 Sed
1872 771 1986 807 posthac
1997 770 2102 805 onmia,
2113 779 2173 807 quae
2183 771 2326 806 certamen
2337 777 2427 806 erunt,

1321 816 1372 843 pro
1385 812 1461 834 certo
1471 813 1581 840 negato.

1299 843 1351 873 Pro
1363 850 1438 872 certo
1452 842 1576 880 polliceri
1587 850 1670 879 atque
1681 843 1846 873 confirmare
1856 844 1970 881 aliquid.
1994 845 2052 874 Cic.
2064 854 2090 875 2.
2108 845 2144 875 de
2159 845 2232 884 Lege
2242 846 2302 884 Agr.
2318 855 2378 875 101.

1300 881 1351 911 Pro
1363 888 1438 910 certo
1449 887 1547 918 putare
1562 881 1677 917 aliquid.
1702 882 1759 910 Cic.
1770 891 1795 915 9.
1811 884 1862 910 Art.
1879 890 1917 914 18.

1299 919 1352 949 Pro
1360 924 1483 947 certonc.
1521 918 1585 948 Ter.
1600 919 1675 947 Adel.
1688 926 1712 955 3.
1725 930 1751 953 4.
1766 929 1808 953 μ.
1833 920 1880 948 l’ro
1891 926 2004 948 certone
2014 927 2042 949 tu
2052 921 2123 949 istaec
2137 920 2206 950 dicis
2218 922 2232 950 ‘?

1301 956 1420 989 Certus,
1442 965 1505 985 cum
1515 957 1651 993 genitivo:
1674 964 1723 991 ut,
1746 956 1844 986 Certus
1855 958 1939 985 eundi
1953 980 1961 990 .
1983 958 2212 988 indubitabiliter
2230 959 2426 997 profecturum

1322 995 1358 1023 lic
1368 995 1487 1031 exponit
1497 994 1607 1023 Servius
1621 995 1650 1022 in
1661 994 1730 1023 illud
1744 995 1815 1031 Virg.
1829 1006 1854 1028 4.
1871 995 1931 1024 [En.
1952 1006 2013 1029 <54-

1397 1032 1495 1061 ffineas
1508 1032 1576 1060 celsa·
1590 1034 1616 1061 in
1631 1032 1740 1069 puppi,
1761 1033 1815 1067 jam
1827 1040 1918 1061 certus
1929 1033 2024 1062 eundi.

1303 1069 1480 1099 Desciscendi
1495 1078 1594 1099 certus.
1618 1070 1707 1099 Tacit.
1721 1081 1745 1105 4.
1762 1071 1828 1099 liiii.
1843 1080 1883 1105 14.

1304 1107 1506 1137 Destinationis
1516 1117 1614 1137 certus.
1652 1108 1743 1137 Tacit.
1760 1117 1800 1136 12.
1814 1109 1882 1136 Ann.
1894 1118 1937 1144 32.
1957 1108 2017 1142 jam
2030 1114 2144 1137 ventum
2152 1108 2228 1138 haud
2236 1109 2335 1146 procul
2345 1111 2411 1139 mari
2423 1133 2431 1145 ,

1321 1146 1398 1183 quod
1411 1145 1573 1174 Hiberniam
1590 1144 1707 1174 insulam
1717 1145 1846 1183 aspet‘tat.
1872 1156 1958 1183 quum
1970 1153 2035 1174 ortae
2048 1148 2121 1183 apud
2135 1148 2276 1183 Brigantes
2287 1148 2433 1177 discordize

1322 1190 1461 1212 retraxere
1474 1183 1574 1212 ducem
1589 1184 1782 1214 destinationis
1794 1191 1900 1214 certum
1914 1207 1921 1219 ,
1946 1195 1983 1214 ne
2000 1194 2074 1213 nova
2090 1186 2253 1220 moliretur,
2273 1186 2322 1214 nisi
2335 1187 2435 1224 priori-

1318 1221 1373 1250 bus
1389 1220 1512 1250 firmatis.

1301 1259 1420 1288 Diffidii.
1443 1259 1534 1288 Tacit.
1551 1270 1576 1294 4.
1595 1259 1663 1289 Hist.
2404 1281 2407 1283 >

1299 1297 1393 1327 Exitii.
1417 1296 1506 1326 Tacit.
1528 1307 1549 1326 1.
1563 1299 1632 1326 Ann.
1645 1307 1687 1334 27.
1697 1297 1736 1326 de
1752 1297 1802 1327 Cn.
1816 1297 1946 1333 Lentulo,
1959 1297 2077 1335 Jamque
2087 1297 2188 1336 lapidis
2201 1299 2255 1327 ic’tu
2267 1301 2433 1329 cruentus&

1319 1335 1400 1402 egitii
1412 1343 1521 1401 Remus,
1539 1335 1655 1365 adcursu
1669 1335 1867 1372 multitudinis,
1885 1346 1946 1373 quae
1964 1346 2029 1366 cum
2052 1336 2139 1366 Druso
2153 1337 2320 1373 advenerat,
2341 1345 2435 1375 prote-

1354 1383 1384 1402 us
1396 1382 1410 1401 e
1431 1382 1442 1401 ·.

1302 1410 1407 1441 Futuri.
1433 1410 1497 1440 Sen.
1511 1410 1592 1440 Herc.
1607 1411 1659 1440 sur.
1679 1420 1721 1440 12.

1300 1448 1404 1478 ‘Laudis
1414 1455 1505 1478 certus
1518 1471 1525 1484 ,
1545 1449 1670 1478 Laudem
1684 1454 1760 1478 certo
1772 1449 1892 1487 sperans.
1914 1448 1962 1479 Sall.
1976 1448 2027 1478 li'o.
2045 1452 2087 1478 16.
2101 1459 2166 1484 441.

1302 1487 1479 1517 matrimonii
1490 1494 1573 1516 certa.
1613 1487 1705 1516 Tacit.
1722 1498 1763 1516 12.
1780 1490 1848 1516 Arm.
1863 1497 1886 1522 ι.
1910 1487 1982 1516 Nam
1994 1487 2042 1516 ubi
2054 1487 2091 1516 sui
2103 1487 2276 1517 matrimonii
2287 1494 2362 1517 certa
2370 1488 2434 1524 suit,

1322 1526 1426 1554 struere
1442 1525 1545 1558 maiora
1555 1547 1563 1560 ,
1585 1525 1750 1562 nuptiasque
1764 1526 1890 1559 Domitii,
1900 1535 1982 1562 quem
1993 1535 2028 1554 ex
2049 1524 2097 1554 Cn.
2113 1525 2273 1556 AEnobarbo
2283 1535 2435 1564 genuerat,

1324 1564 1349 1592 ὅ(
1361 1563 1484 1592 Octavia:
1497 1563 1605 1592 Caesaris
1617 1563 1677 1593 filiae
1691 1563 1791 1592 moliri.
1818 1563 1858 1593 De
1868 1564 2018 1601 Agrippina
2028 1563 2162 1600 loquitur.

1303 1600 1389 1630 Necis
1401 1606 1493 1630 certus
1505 1623 1512 1636 ,
1536 1602 1633 1630 Certus
1643 1602 1723 1630 mori.
1745 1602 1792 1630 Sil.
1804 1602 1854 1630 lib.
1871 1613 1897 1636 4.
1914 1610 1974 1638 197.

1303 1639 1421 1669 Sceleris
1432 1645 1507 1667 certa
1518 1639 1626 1668 mulier.
1669 1639 1760 1668 Tacit.
1776 1649 1817 1669 12..
1831 1641 1901 1669 Anu.
1912 1643 1958 1669 66.
1972 1639 2007 1669 ad
2017 1639 2113 1669 finem.
2143 1639 2166 1669 ssi.
2182 1648 2207 1669 e.
2229 1639 2303 1677 Quae
2319 1640 2437 1670 omnino

1324 1677 1451 1706 decrevit
1461 1684 1570 1714 patrare
1582 1677 1679 1706 scelus.
1703 1677 1774 1707 Bud.

1305 1715 1379 1753 Spei.
1404 1714 1494 1744 Tacit.
1514 1727 1540 1750 4.
1562 1715 1629 1744 Hist.
1649 1725 1673 1748 z.

1304 1753 1374 1782 Vitae
1389 1753 1587 1790 relinquendae.
1611 1753 1700 1783 Tacit.
1715 1764 1742 1787 4.
1757 1754 1824 1782 Ann.
1840 1760 1854 1788 ’γ
1862 1763 1886 1788 ⁴·

1301 1791 1422 1858 (LXrtus,
1441 1800 1510 1856 lcgm
1530 1791 1653 1820 ablativo
1667 1813 1675 1827 ,
1693 1798 1735 1821 ut.
1760 1791 1864 1828 jaculis
1882 1798 1974 1822 certus
1986 1813 1994 1827 ,
2014 1791 2152 1830 Optimus
2169 1791 2312 1828 iaculator.
2347 1791 2436 1822 Valer.

1347 1839 1424 1866 rgon.
1451 1839 1459 1857 1
1483 1839 1525 1858 .1.
1544 1834 1605 1863 ³66.

1305 1867 1422 1901 Certus.
1445 1876 1510 1896 cum
1522 1867 1671 1897 infinitivo.
1695 1872 1742 1903 ut,
1764 1867 1863 1897 Certus
1881 1867 2059 1904 succurrere,
2081 1868 2098 1898 i.
2117 1877 2141 1898 e.
2164 1868 2284 1899 Paratus.
2306 1866 2436 1900 Valem.

1325 1907 1427 1943 Argon.
1439 1915 1471 1939 4<
1479 1915 1504 1941 7.
2076 1913 2080 1914 ⁷

1399 1943 1495 1972 Acrius
1509 1943 1670 1973 hocinstare
1679 1943 1730 1973 viri
1743 1965 1752 1979 ,
1772 1941 1932 1974 succurrere
1948 1943 2026 1974 certi..

1306 1979 1392 2011 Mori.
1420 1981 1466 2010 Vir
1488 2000 1495 2010 .
1509 1993 1534 2017 4.
1549 1983 1608 2012 AEn.
1626 1986 1690 2018 «364.

1308 2019 1440 2049 Praebere.
1489 2029 1569 2049 ucan.
1582 2019 1630 2049 lib.
1646 2030 1669 2054 ι.
1686 2026 1748 2057 557.

1404 2060 1438 2086 At
1448 2056 1576 2087 Romana
1585 2058 1651 2087 ratis
1661 2058 1785 2087 stabilem
1796 2057 1919 2096 praebere
1933 2057 2056 2087 carinam

1401 2095 1517 2124 Certior.
1615 2097 1640 2125 h.
1656 2106 1679 2125 e.
1705 2097 1821 2126 Firmior
1831 2098 1856 2125 ἃ
1867 2097 1968 2134 aptior.

1302 2133 1437 2170 Compar.
1461 2129 1693 2169 [εἰδὶινωνέςεεῖνλ]
1714 2134 1836 2163 Peritior.
1861 2135 1924 2163 Sen.
1941 2133 2132 2171 Hippol.192„

1397 2171 1549 2207 ipsumque
1564 2171 1698 2201 Phoebum
1707 2173 1763 2201 tela
1779 2173 1826 2209 qui
1839 2181 1926 2201 nervo
1934 2174 2023 2209 regit,

1401 2209 1472 2247 Figit
1483 2210 1579 2247 sagitta
1592 2211 1694 2238 certior
1708 2209 1786 2240 missa
1800 2220 1877 2248 puer.

1302 2247 1462 2277 'Certiorem
1472 2248 1561 2276 facere
1574 2248 1695 2284 aliquem
1710 2249 1729 2283 Ῑ
1740 2249 1881 2284 παςεᾳίυᾷν,
1907 2244 1978 2275 >mh
1988 2269 1996 2282 ,
2016 2247 2240 2283 πηροφοςᾶθη]
2261 2247 2350 2278 cies.
2362 2248 2437 2281 Verr.

1327 2295 1372 2322 72.
1396 2285 1501 2315 Adsunt
1513 2285 1651 2321 Segestani
1673 2286 1789 2315 clientes
1813 2288 1873 2318 tui.
1895 2286 1962 2315 socii
1982 2285 2078 2322 Populi
2097 2285 2216 2315 Romani
2238 2293 2320 2322 atque
2340 2288 2439 2325 amici,

1321 2325 1473 2353 certiorem
1484 2331 1510 2352 te
1521 2323 1635 2359 faciunt,
1650 2324 1675 2352 P.
1690 2325 1846 2353 Africanum
1857 2324 2025 2361 Carthagine
2036 2323 2137 2358 deleta,
2148 2326 2199 2354 sic.
2222 2325 2367 2354 Africanus
2378 2326 2406 2354 in
2418 2327 2438 2357 l.

1327 2362 1397 2391 Eum
1416 2363 1472 2397 qui.
1497 2363 1517 2399 §.
1546 2372 1568 2391 1.
1594 2362 1624 2391 D.
1640 2362 1675 2391 de
1695 2363 1801 2399 Acquir.
1820 2362 1921 2391 haeved.
1948 2362 2149 2391 Filiusfamilias
2166 2363 2251 2392 haeres
2265 2363 2382 2400 scriptus
2392 2375 2440 2402 pa-

1321 2407 1396 2429 'trem
1410 2400 1491 2429 suurn
1501 2401 1648 2429 certiorem
1658 2400 1780 2436 fecerat,
1798 2401 1887 2429 *videri
1899 2400 1947 2429 sibi
1958 2399 2089 2429 solvendo
2096 2399 2154 2428 esse
2166 2400 2368 2430 haereditatem.

1307 2438 1401 2475 Quam
1413 2438 1620 2475 diligentissime
1630 2438 1720 2468 facere
1734 2439 1857 2475 aliquem
1872 2439 2029 2468 certiorem.
2054 2437 2111 2467 Cic.
2129 2449 2150 2467 1.
2166 2439 2219 2467 Att.
2235 2449 2275 2467 11.

1304 2476 1358 2506 ‘Per
1373 2477 1479 2505 litteras
1491 2477 1638 2505 certiorem
1652 2476 1742 2506 facere
1753 2477 1788 2505 de
1802 2486 1838 2505 re.
1880 2476 1938 2506 Cic.
1956 2486 1976 2505 1.
1996 2476 2070 2505 Fam.
2085 2486 2111 2511 9.
2133 2476 2178 2505 Tu
2188 2486 2232 2505 me
2244 2477 2278 2505 de
2290 2477 2346 2506 tuis
2357 2477 2440 2506 rebus

1326 2514 1476 2549 omnibus,
1499 2515 1524 2543 δι
1545 2514 1654 2543 Lentuli
1667 2516 1706 2544 tui
1719 2538 1725 2544 .
1748 2515 1902 2551 nostrisque
1920 2514 2018 2543 studiis
2039 2516 2064 2543 ὁὶ
2084 2514 2332 2543 exercitationibus
2352 2516 2439 2545 velim

1322 2561 1411 2589 quam
1421 2552 1630 2581 familiarillime
1641 2554 1789 2582 certiorem
1800 2575 1807 2586 ,
1830 2554 1855 2582 ἃ
1869 2562 1951 2589 quam
1963 2551 2210 2589 saepiffimefacias.

1307 2590 1359 2620 Per
1370 2598 1450 2619 notas
1464 2590 1611 2619 certiorem
1623 2591 1720 2620 facere.
1749 2590 1807 2620 Cic.
1818 2600 1843 2619 2.
1857 2591 1893 2619 de
1905 2590 1996 2620 Divin.
2011 2599 2055 2627 47.

1305 2629 1381 2659 'Fieri
1391 2628 1539 2657 certiorem
1547 2628 1669 2658 adventu
1681 2629 1806 2664 alicujus.
1830 2628 1888 2658 Cic.
1904 2639 1927 2664 5.
1943 2630 2016 2657 Verr.

1310 2667 1465 2697 Certiorem
1477 2666 1537 2695 fieri
1550 2665 1654 2704 scripto
1664 2667 1790 2701 alicujus.
1813 2666 1898 2696 Ovid.
1913 2670 1938 2696 6.
1952 2665 2035 2704 Epist.
2050 2676 2077 2701 4.

1302 2706 1454 2742 'Quantum
1465 2710 1545 2742 potes
1557 2726 1564 2738 ,
1587 2714 1632 2733 me
1641 2706 1791 2734 certiorem
1799 2704 1872 2734 face.
1894 2705 1960 2734 Ter.
1980 2704 2089 2733 Phorm.
2102 2715 2129 2740 4.
2141 2713 2166 2741 3.
2177 2706 2221 2740 69.

2347 175 2414 208 491

1268 2746 1340 2777 CER
1351 2746 1415 2772 Τιῦ
1426 2752 1468 2771 ao
1479 2764 1488 2777 ,
1512 2745 1565 2771 are.
1589 2752 1639 2780 pro
1652 2743 1832 2772 praemonere.
1875 2742 1987 2781 Ulpian.
2002 2741 2061 2771 inl.
2079 2753 2102 2771 1.
2113 2743 2134 2780 §.
2157 2742 2203 2772 sed
2220 2749 2323 2772 utrum.
2346 2743 2379 2773 D.
2401 2744 2438 2774 de

1303 2792 1342 2813 veo
1351 2781 1401 2819 qui
1410 2790 1462 2818 -pro
1476 2787 1561 2809 tutor.
1575 2782 1626 2810 ἃς.
1667 2781 1749 2810 Sed'fi
1761 2781 1875 2818 cognito
1885 2781 2046 2818 quod'tutor
2057 2790 2116 2809 non
2126 2781 2184 2810 suit
2194 2804 2202 2816 ⁷
2223 2781 2355 2811 abstinuit
2364 2781 2391 2811 se
2403 2782 2438 2811 ab

1303 2819 1566 2852 administratione,
1590 2819 1733 2849 videamus
1747 2829 1781 2848 an
1792 2826 1928 2854 teneatur,
1951 2819 1967 2848 si
1984 2818 2147 2848 necessarios
2159 2819 2260 2858 pupilli
2271 2829 2329 2849 non
2338 2821 2438 2850 certio-

1303 2858 1379 2889 ravit
1391 2864 1421 2885 ut
1434 2857 1459 2886 ei
1472 2864 1592 2886 tutorem
1603 2864 1740 2894 peterent.
1763 2857 1839 2894 quod
1851 2858 1942 2887 verius
1954 2857 2000 2886 est.

1308 2895 1459 2930 Certioror,
1469 2894 1534 2924 Pass.
1551 2896 1565 2930 [
1578 2895 1750 2929 παξεφῇιῖιοὲτιφ
1761 2895 1775 2930 ]
1786 2895 1833 2924 ari.
1855 2895 2013 2924 Certiorem
2023 2894 2091 2923 fieri.
2110 2894 2222 2932 Ulpian.
2236 2894 2291 2924 inl.
2306 2905 2326 2923 ι.
2338 2896 2438 2933 §.ven-

1324 2936 1409 2965 ditor.
1423 2933 1455 2962 D.
1467 2934 1502 2962 de
1514 2934 1566 2962 aa.
1582 2941 1669 2971 empt.
1685 2935 1710 2963 ἃ
1720 2933 1803 2962 vend.
1827 2933 1895 2962 Haec
1911 2934 1949 2962 ita
1961 2943 2025 2962 vera
2041 2932 2103 2961 sunt
2116 2954 2124 2968 ,
2146 2932 2164 2961 si
2177 2940 2287 2970 emptor
2301 2934 2438 2970 ignoravit.

1328 2972 1490 3002 servitutes:
1515 2971 1579 3008 q-uia
1589 2980 1648 3000 non
1656 2972 1768 3001 videtur
1778 2970 1831 3001 effe
1843 2971 1948 3001 celatus
1963 2971 2010 3009 qui
2021 2970 2086 3006 scit,
2107 2980 2161 3000 nec
2178 2971 2320 3000 certiorari
2337 2971 2437 3002 debuit

1328 3012 1375 3049 qui
1387 3019 1444 3037 non
1456 3009 1603 3045 ignoravit.

1920 3047 2005 3083 Quod
2016 3047 2041 3076 Ga
2053 3045 2109 3075 lex.
2131 3045 2166 3075 D.
2185 3045 2315 3075 delibero
2326 3046 2435 3078 homin.

1303 3086 1404 3115 zexhib.
1446 3086 1471 3115 ls
1479 3085 1526 3122 qui
1538 3085 1627 3114 nescit
1645 3086 1720 3123 apud
1735 3086 1762 3114 se
1776 3085 1831 3115 effe
1849 3085 1993 3114 hominem
2012 3085 2150 3119 liberum,
2173 3083 2239 3112 dolo
2254 3084 2328 3113 malo
2346 3092 2434 3117 caret.

1308 3125 1355 3154 sed
1370 3123 1419 3153 ubi
1431 3124 1594 3153 certioratus
1608 3125 1728 3158 retinet,
1750 3123 1816 3152 dolo
1829 3123 1902 3152 malo
1914 3133 1970 3152 non
1985 3129 2068 3151 caret.

1777 3162 1909 3191 Pacuvius
1921 3161 1995 3199 apud
2007 3160 2134 3190 Nonium
2146 3167 2172 3189 ο..
2193 3162 2254 3188 160.
2273 3159 2382 3190 Vocant
2389 3171 2436 3191 co.

1305 3210 1377 3237 quos
1388 3222 1395 3235 ‚
1417 3199 1493 3228 unde
1506 3200 1658 3229 certillent.

1270 3238 1519 3272 Camiri-mo.
1536 3239 1602 3267 vuinis.
1624 3238 1642 3266 f.
1663 3247 1678 3266 a
1702 3234 1821 3271 Certus,
1842 3245 1897 3265 vox
1911 3236 1971 3265 haec
1984 3235 2083 3272 legitur
2102 3234 2177 3271 apud
2198 3236 2285 3264 Amm.
2307 3235 2434 3268 Marcei-3.

1308 3277 1357 3306 lib.
1373 3286 1415 3312 30.
1429 3286 1443 3305 a
1454 3286 1494 3313 pr.
1517 3275 1549 3305 In
1563 3277 1643 3311 cujus
1653 3276 1718 3304 fidei
1731 3275 1899 3304 certitudine
1910 3273 2007 3303 mansit
2018 3272 2179 3302 immobnis.
2218 3273 2272 3302 Sed
2291 3284 2347 3303 non
2360 3276 2437 3305 invo-

1309 3315 1384 3344 nitur
1396 3315 1470 3351 apud
1480 3313 1569 3343 ullum
1580 3317 1721 3343 auctorem
1730 3313 1852 3351 probatae
1862 3312 2039 3341 auctoritatis
2061 3311 2122 3340 Nec
2134 3311 2162 3338 in
2176 3309 2232 3340 ’ἫῖΙῖ
2248 3313 2383 3342 Ammian.
2392 3320 2436 3343 te-

1305 3353 1347 3382 “ste
1356 3352 1440 3381 Hadr.
1454 3351 1540 3381 Vales.
1583 3352 1610 3380 V.
1635 3350 1705 3381 Voss.
1724 3354 1759 3380 de
1771 3351 1823 3379 Vit.
1835 3351 1921 3379 Serm.
1939 3359 1961 3378 1.
1974 3355 1998 3378 6.
2025 3349 2106 3378 Vorlt.
2120 3350 2156 3377 de
2173 3348 2229 3378 Lat.
2240 3349 2318 3388 Susp.
2329 3360 2390 3389 cap.
2406 3361 2432 3389 7.

1310 3390 1409 3420 Cellar.
1423 3390 1513 3419 Anth.
1531 3401 1558 3427 p.
1579 3393 1618 3418 16.

1272 3428 1343 3459 CER
1355 3438 1411 3463 Ta,
1434 3429 1501 3457 Λᾶν.
1526 3429 1631 3464 [ἀμέλει
1643 3449 1651 3461 ,
1677 3428 1699 3454 νὴ
1717 3423 1782 3461 ὦσι]
1803 3425 2001 3454 confirmantis.
2023 3424 2088 3455 Ter.
2104 3424 2180 3454 Adel.
2197 3434 2221 3461 3.
2237 3436 2265 3462 4.
2280 3435 2322 3463 32.
2344 3426 2435 3458 Num.

1305 3473 1374 3495 'narn
1386 3466 1434 3495 illa
1445 3465 1534 3503 quaeso
1549 3465 1688 3502 parturit?
1710 3474 1736 3492 c.
1758 3473 1833 3492 certe
1847 3465 1943 3500 Hegio.

1310 3504 1393 3534 Certe
1405 3526 1413 3539 ,
1434 3504 1543 3533 lronice
1553 3504 1669 3531 dictum.
1710 3502 1856 3530 Ter.1lnd.
1872 3513 1895 3534 ς.
1911 3505 1936 3530 6.
1951 3511 1976 3537 9.
2005 3500 2102 3530 Nescis
2119 3501 2188 3538 quid
2203 3502 2273 3532 mihi
2292 3501 2433 3541 obtigerit.

1329 3553 1358 3571 D.
1378 3551 1469 3571 certe:
1493 3541 1539 3570 sed
1550 3542 1616 3577 quid
1628 3539 1696 3568 mihi
1708 3540 1838 3575 obzigerit
1849 3539 1906 3568 scio

1305 3578 1394 3610 'Certe
1404 3587 1500 3617 captes
1514 3579 1565 3612 est,
1590 3580 1642 3606 iae.
1667 3578 1731 3605 *ine
1747 3578 1852 3612 dubio,
1875 3577 1952 3605 utai:
1961 3575 2098 3607 Donatus.
2121 3576 2185 3606 Ter.
2201 3578 2267 3607 ind.
2284 3588 2306 3609 1.
2320 3589 2345 3608 r.
2362 3590 2404 3616 ςς.

1312 3618 1478 3647 Certeisest.
1520 3617 1604 3645 Plaut.
1615 3615 1695 3644 Trin.
1708 3627 1733 3650 4-
1749 3626 1771 3651 3.
1786 3620 1830 3650 ⁶5-
1854 3614 1934 3644 Estne
1946 3614 2019 3652 ipsus
2031 3637 2038 3650 ,
2059 3626 2093 3644 an
2108 3625 2166 3644 non
2177 3616 2238 3645 ost?
2257 3617 2343 3653 isest,
2359 3624 2436 3648 certe

1331 3657 1353 3685 is
1363 3657 1401 3685 est
1412 3678 1420 3690 ,
1441 3658 1462 3684 is
1472 3654 1606 3692 profecto.
2115 3667 2120 3670 -

1311 3693 1429 3723 Eveniet
1440 3701 1521 3721 certe.
1564 3692 1622 3720 Cic.
1635 3700 1660 3719 2.
1674 3689 1709 3718 de
1723 3689 1812 3718 Divin.
1832 3695 1872 3724 ¹8-
1896 3689 1932 3718 Ut
1942 3690 2011 3719 mihi
2024 3700 2059 3719 ne
2071 3691 2098 3719 in
2111 3691 2195 3720 deum
2203 3692 2322 3729 quikm
2335 3694 2437 3723 cadere

1310 3732 1459 3761 :videatur
1470 3751 1478 3765 ,
1499 3736 1531 3758 ut
1542 3728 1607 3758 sciat
1619 3727 1758 3765 quidcasu
1769 3736 1816 3756 aut
1826 3728 1941 3757 fortuito
1950 3728 2134 3759 futurum-fit:
2157 3730 2259 3760 sienim
2271 3731 2337 3768 scit,
2359 3740 2435 3761 certe

1331 3769 1402 3798 illud
1413 3768 1539 3801 eveniet,
1565 3765 1640 3795 nu'ila
1649 3766 1759 3794 fortuna
1771 3766 1817 3794 est.

1313 3808 1413 3837 Nescio
1426 3814 1508 3834 certe.
1537 3804 1600 3832 Hor.
1617 3815 1637 3832 1.
1654 3807 1737 3832 Serui.
1753 3814 1778 3837 9.
1791 3810 1835 3839 ⁶7.

1312 3845 1385 3874 Nam
1392 3851 1470 3873 certe
1482 3852 1572 3877 neque
1583 3850 1642 3870 tuni
1652 3841 1768 3878 peccavi
1779 3863 1787 3877 ,
1808 3850 1894 3879 quum
1907 3863 1915 3877 ,
1929 3843 1981 3872 810.
2003 3842 2063 3873 Cic.
2076 3847 2102 3878 8.
2114 3843 2168 3873 Art.
2182 3846 2224 3872 16.

1311 3882 1368 3911 'Res
1379 3879 1488 3910 fortasse
1501 3889 1588 3914 verte,
1610 3887 1685 3908 certe
1697 3889 1799 3915 graves.
1832 3880 1888 3908 Cic.
1905 3891 1933 3916 4.
1945 3881 1982 3910 de
1995 3881 2083 3912 finib.
2113 3882 2132 3910 i.
2144 3892 2168 3911 e.
2190 3883 2245 3911 Aut
2252 3878 2357 3912 saitem.

1311 3920 1430 3956 Regium
1441 3925 1517 3947 certe
1530 3927 1624 3954 genus.
1652 3918 1716 3946 Hor.
1730 3927 1754 3945 2.
1764 3917 1859 3947 Carm.
1874 3930 1900 3953 4.
1917 3929 1955 3953 ις.

1313 3958 1419 3994 Quanti
1430 3963 1504 3985 certe
1514 3956 1589 3984 facis.
1631 3954 1689 3984 Cic.
1707 3965 1747 3984 12.
1765 3957 1818 3985 Att.
1832 3960 1875 3992 {⁶—
1899 3956 1957 3993 Qui
1975 3955 2090 3994 quidem
2110 3956 2162 3987 tibi
2176 3957 2340 3987 inveniendi
2357 3956 2438 3996 sunt,

1330 3996 1352 4025 a
1364 4004 1410 4025 me
1420 3995 1490 4025 tanti
1500 3993 1569 4024 facis
1581 4015 1590 4030 ,
1611 3993 1709 4031 quanti
1719 3999 1797 4035 certe
1805 3994 1882 4023 facis.
2314 4027 2333 4061 p
2368 4033 2382 4063 f

2335 4042 2365 4063 ro
2379 4036 2442 4066 ecto

1794 4032 1914 4070 Qqq2
