2600 4177
0 1192 9 1515 zm-r-r--v-——me
0 1107 5 1165 0³—-

4 2450 5 2455 .
0 2370 6 2428 ..v—
0 2292 8 2358 -v--
0 2220 13 2280 7-1.
0 2063 11 2210 —r-—r-nrw-
0 1953 11 2048 ,ις-ενα
0 1907 7 1936 a..

0 2636 14 2680 υς
0 2555 10 2619 vn<

0 3006 13 3062 τὸπλ
0 2978 8 2999 n·
0 2949 12 2973 ³⁴,

0 3103 14 3275 .;-q---1-,

5 3349 12 3377 :m
8 3292 15 3306 ἲ

17 239 355 271 CAth-oskmarA,
378 246 435 265 um.
470 246 498 264 n.
527 234 566 273 pl.

18 388 308 420 CA‘rscoaIeus,
331 397 365 421 a,

19 614 196 644 CATELLA
210 635 218 648 ,
240 613 339 642 dimin.
353 613 491 642 aCatena.
534 611 565 642 V.

20 651 242 685 CATaLLus,
273 650 304 680 ln
325 659 513 679 CATuLus.

20 689 196 723 cirenei,
218 699 249 718 ae.
273 688 291 717 f.
316 686 419 724 [σέρρὲ.
441 687 549 723 binum]
570 687 720 716 Vinculum
731 688 869 724 ferreum,
891 700 946 727 quo
965 689 1009 719 vel
1028 689 1119 720 servos
1131 690 1176 720 vel

35 3725 303 3765 DATENAnius,
325 3739 359 3764 3,

454 154 484 189 C
580 153 608 188 A
707 155 739 189 T

46 237 276 248 υυυυυ

602 235 844 272 [κειτκῑεξίμριπι]
874 237 1020 266 Attributa.
1063 236 1120 265 Cic.
1145 247 1171 272 4.

51 276 132 305 Ture.
144 286 188 305 21.
214 276 392 311 Dillinguitur
402 273 472 302 illud
484 273 578 308 etiam,
599 280 630 302 ut
646 273 733 302 libido
744 274 775 302 fit
786 284 880 304 earum
892 284 993 306 rerum.
1006 284 1064 311 qua:
1073 275 1172 303 dicun-

53 321 96 343 tur
107 314 141 341 de
153 313 273 350 quodam
285 321 332 340 aut
341 313 375 340 de
386 310 558 348 quibusdam,
580 320 641 347 quat
651 313 842 348 ›carsiygn‘eoenw
854 312 1000 342 Dialectici
1011 313 1173 350 appellant:

53 359 83 380 ut
94 351 193 379 habere
206 350 316 378 divitias
327 371 334 383 ,
357 359 456 386 capere
466 349 596 377 honores.

388 396 443 415 um.
475 382 688 422 [aexrnyems‘f]
716 385 909 417 Affirmativus.

54 426 170 462 igpenvaou
184 435 213 462 p.
225 434 269 460 29.
288 427 313 453 ἃ
324 424 420 453 Sidon.
437 424 517 461 Epist.
531 434 556 459 9.
570 434 595 458 9.

47 466 180 532 Ἕκα,
204 472 234 491 se.
258 462 276 492 f.
300 462 393 491 Genus
413 461 461 491 teli
488 472 544 499 quo
566 460 715 490 utebantur
739 461 883 491 Teutones
903 464 929 492 &
944 462 1024 492 Galli.
1059 463 1130 500 Virg.
1148 473 1174 500 7.

86 509 112 529 n.
128 509 192 537 741.

143 537 301 567 Teutonico
314 538 366 566 ritu
379 536 450 565 soliti
460 542 590 572 torquere
602 537 712 566 cateias.
793 537 826 567 V.
849 538 923 567 SerV.
936 539 971 568 ad
983 538 1037 568 loc.
1052 539 1078 568 Sc
1090 539 1137 568 Sil.
1149 548 1173 576 3.

54 584 116 612 277.
139 575 272 605 Meminit
288 575 358 604 Gell.
377 574 424 603 lib.
441 584 482 603 10.
495 584 556 612 cap.
569 584 614 609 2ς.

588 622 606 641 8
618 622 636 641 A
645 621 664 640 'r
673 623 688 642 11
696 623 717 642 N
727 622 755 642 A.

953 387 985 417 V.
1018 387 1098 425 Apul.
1121 387 1175 417 rasse)

39 734 42 737 ⁴
54 727 179 764 captivos
192 726 235 755 vel
246 726 375 755 animalia
386 727 524 754 irretimus
535 747 542 760 ,
566 735 601 754 ne
613 725 756 762 effugiant.
779 725 850 762 Virg.
864 731 890 757 6.
908 729 970 758 [ΕΠ.
986 734 1048 764 558.

208 779 245 784 ——
256 771 315 793 tum
325 764 423 793 stridor
433 763 496 792 ferri
507 785 514 797 ‚
535 765 683 800 tractaeque
695 770 808 792 catenae.

12 830 13 834 ,
57 802 146 832 Series
160 808 328 831 catenarum.
371 801 474 830 Patere.
493 801 541 830 lib.
556 811 581 830 2.
599 811 659 830 120.
689 801 786 837 Quum
803 802 832 830 in
854 804 981 840 captivos
1004 804 1141 833 saeviretur
1161 815 1176 834 a

71 840 216 869 Germanis
228 862 235 874 ,
258 839 361 869 Caldus
373 839 473 869 Crelius
484 839 650 877 complexus
661 845 821 868 catenarum
838 841 938 876 quibus
951 843 1061 873 vinctus
1072 851 1130 873 erat
1138 843 1176 873 se-

69 879 140 907 riem
152 899 159 910 ,
181 878 219 906 ita
230 878 290 907 illas
298 877 373 906 illisit
383 877 466 914 capiti
479 876 527 905 suo
537 898 546 911 ‚
568 884 598 906 ut
607 877 736 914 protinus
745 878 891 914 expiraret.

52 916 132 946 111613
140 915 238 945 servari
250 923 357 944 catena.
384 915 431 944 Sil.
450 914 499 944 lib.
514 920 541 951 7.

53 954 167 984 Auratae.
188 953 237 983 Sil.
254 953 300 982 lib.
316 963 358 990 17.

0 1004 2 1022 ε
52 991 176 1022 Ferratae.
199 991 295 1021 Claud.
307 1001 332 1020 2.
349 992 378 1019 in
392 1000 416 1020 1.
434 989 515 1019 Cons.
528 989 590 1019 Stil.
605 998 666 1027 174.

53 1028 175 1059 Graciles
186 1038 220 1058 ex
231 1039 292 1059 aere.
317 1029 400 1058 Ovid.
411 1038 437 1064 4.
450 1026 518 1057 Met.
528 1031 591 1065 176.

54 1067 166 1097 Graves.
190 1067 275 1096 Ovid.
291 1077 332 1102 ις.
345 1066 414 1096 Met.
426 1070 490 1095 601.

53 1104 211 1136 Multisonae
224 1112 336 1134 catenae.
360 1105 427 1134 Stat.
441 1110 464 1139 8.
482 1102 574 1133 Theb.
585 1112 631 1138 2ς.

52 1142 212 1180 singulariae
226 1150 331 1172 catenae
341 1165 349 1178 ,
371 1143 447 1181 apud
462 1141 626 1171 Plautumin
641 1140 721 1180 Capt.
735 1150 759 1170 1.
772 1150 797 1171 2.
809 1151 834 1179 3.
857 1153 960 1182 nempe
971 1145 1042 1182 Quae
1053 1144 1115 1177 sunt
1126 1147 1176 1177 sm.

71 1181 198 1218 gularum
211 1180 352 1210 librarum.
392 1181 440 1211 Sic
450 1179 574 1210 Turneb.
615 1179 720 1216 [Forte
733 1179 901 1218 Cingulariae
913 1182 1073 1220 legendum.

53 1218 179 1249 Teretes,
201 1218 304 1249 Lucan.
316 1219 365 1248 lib.
380 1228 405 1255 3.
424 1221 485 1254 565.

52 1256 136 1288 Plena
147 1262 306 1286 catenarum
319 1257 440 1294 quaestio.
482 1256 539 1285 Cic.
553 1265 604 1293 pro
616 1255 726 1285 Muren.
745 1265 789 1291 42.
813 1257 891 1294 Quid
914 1264 962 1288 tua
979 1259 1057 1289 sors?
1077 1261 1176 1297 tristis,

71 1302 168 1325 atrox:
191 1296 303 1331 quaestio
314 1295 458 1333 peculatus
470 1316 479 1327 ‚
501 1294 628 1323 exaltem
640 1300 717 1331 parte
731 1293 916 1331 lacrymarum
927 1299 953 1326 61
963 1296 1095 1335 squaloris
1111 1321 1119 1335 ,
1141 1309 1176 1329 ex

72 1333 158 1362 altera
171 1333 254 1369 plena
267 1340 426 1362 catenarum
438 1338 521 1370 atque
531 1332 669 1361 indicum.

54 1370 237 1408 Compescere
250 1378 348 1400 catena
355 1371 484 1406 aliquem.
507 1370 574 1399 Hor.
590 1379 612 1399 1.
627 1369 708 1407 Epist.
724 1379 750 1399 2.
763 1373 808 1406 63.

52 1407 222 1439 Constridtus
234 1410 349 1438 catenis.
390 1409 448 1438 Cic.
463 1417 515 1446 pro
528 1408 604 1438 Sext.
616 1412 658 1437 16.
681 1408 761 1437 Hanc
781 1415 885 1439 taetram
896 1411 1103 1449 immanemque
1119 1413 1178 1442 bel-

71 1447 148 1476 luam
159 1448 281 1477 vinctam
300 1446 447 1485 auspiciis,
468 1445 607 1483 alligatam
623 1455 702 1475 more
716 1446 870 1482 majorum,
893 1450 1068 1480 constristam
1081 1450 1176 1489 legum

71 1483 235 1514 sacratarum
247 1487 352 1514 catenis
364 1507 371 1519 ,
392 1484 474 1513 solvit
484 1483 576 1513 subito
588 1483 682 1520 legum
693 1484 796 1514 Consul
808 1507 816 1519 ,
831 1488 884 1516 Sec.

51 1521 183 1558 Domitus
194 1523 332 1553 Cantaber
340 1523 396 1552 sera
407 1528 512 1552 catena.
535 1522 603 1552 Hor.
617 1530 642 1558 3.
659 1522 751 1552 earm.
764 1528 790 1558 8.
802 1533 848 1554 22.

46 1560 185 1592 Excuffae.
204 1561 268 1591 Sen.
281 1561 393 1598 Thyest.
407 1566 434 1595 8.

54 1598 154 1630 Indere
166 1600 290 1637 captivis.
332 1599 363 1628 V.
386 1610 395 1628 1
405 1608 425 1628 N
435 1609 452 1627 D
462 1608 490 1628 o.

53 1636 172 1673 Injicere
186 1638 278 1667 alicui.
318 1636 376 1667 Liv.
396 1647 419 1666 1.
437 1647 478 1672 51.
493 1641 562 1666 extr.
585 1634 644 1666 Cic.
657 1644 682 1673 7.
700 1635 777 1667 Verr.
795 1645 857 1674 105·-
879 1638 931 1669 Iste
949 1639 1112 1671 hominibus
1127 1641 1180 1671 mi.

72 1674 136 1705 seris
147 1675 399 1713 innocentibusque
410 1675 487 1710 injici
498 1680 609 1704 catenas
625 1675 753 1712 imperat.

53 1711 186 1744 Insertare
197 1714 270 1743 colla
278 1713 427 1743 velmanus
438 1713 552 1742 catenis.
573 1712 642 1741 Stat.
659 1722 700 1741 12.
717 1712 807 1743 Theb.
817 1717 882 1750 460.

53 1750 137 1790 Jungi
149 1752 296 1790 inabrupta
304 1757 411 1781 catena.
434 1751 500 1781 Stat.
515 1761 540 1786 ς.
554 1750 621 1780 Silv.
638 1760 659 1779 1.
673 1761 719 1786 44.

8 1814 11 1817 .
52 1789 156 1819 Laxare
167 1798 277 1819 catenas
287 1812 296 1825 ,
317 1788 477 1820 Diffolvere.
500 1788 602 1819 Lucan.
619 1787 667 1818 lib.
680 1800 706 1825 4.
718 1797 784 1825 451.

8 1834 11 1846 1
52 1827 165 1858 Mei-eri.
189 1828 274 1858 Ovid.
288 1838 311 1858 1.
326 1830 417 1857 Amor.
432 1837 457 1864 7.
474 1837 497 1856 1.

51 1865 173 1896 Nee'tere
181 1866 275 1896 alicui.
319 1866 387 1896 Hor.
406 1875 429 1895 1.
446 1866 535 1894 Carni.
551 1873 595 1899 29-
611 1874 635 1897 ς.
669 1863 802 1902 significat
819 1864 946 1903 Aliquem
969 1869 1074 1899 catenIs
1093 1879 1178 1901 anne-

72 1905 156 1934 ctere.
196 1904 309 1941 [Immo
325 1904 352 1933 h.
366 1903 384 1933 l.
403 1903 561 1938 Destinare,
584 1902 707 1939 Minati,
729 1902 825 1933 Parare
836 1912 947 1937 catenas
959 1906 1050 1937 alicui.

51 1940 140 1972 Nexae
152 1951 201 1980 per
211 1942 293 1972 colla.
316 1941 400 1972 Ovid.
410 1951 436 1971 2.
452 1942 544 1971 Amor.
559 1950 586 1970 2.
599 1950 646 1977 41.

54 1979 180 2009 Onerare
191 1981 305 2009 catenis.
327 1980 418 2010 Tacit.
429 1989 455 2010 2.
471 1980 542 2009 Ann.
555 1988 581 2015 3.

53 2015 183 2048 Perferre.
204 2017 252 2047 Sil.
263 2017 311 2047 lib.
327 2026 370 2055 17.

54 2055 186 2092 Quaffare
195 2056 290 2086 vastas.
313 2056 378 2086 Sen.
391 2055 474 2085 Herc.
485 2053 538 2085 sur.
550 2064 576 2090 ⁹·

53 2092 185 2132 Religari.
209 2094 294 2124 Ovid.
311 2103 333 2124 1.
350 2094 416 2124 Fast.
430 2102 495 2130 701.

54 2131 196 2170 Rumpere
208 2138 329 2162 catenas.
352 2131 436 2162 Ovid.
452 2140 476 2168 3.
490 2130 582 2160 Amor.
598 2140 640 2161 11.
655 2137 680 2168 3.

55 2170 163 2209 Ruptae.
184 2170 253 2200 Hor.
264 2179 289 2200 2.
303 2170 389 2200 Serm.
405 2179 430 2207 7.
444 2177 490 2206 71.
924 2209 927 2210 .

55 2209 166 2239 Solvere
175 2217 210 2237 ex
219 2208 335 2238 catenis.
376 2209 478 2238 Austor
486 2206 522 2236 ad
535 2206 638 2237 Heren.
656 2206 706 2236 lib.
720 2216 746 2242 4.
761 2216 805 2243 51.
828 2208 915 2245 Quod
925 2210 943 2239 fi
955 2208 1044 2248 istum,
1054 2209 1177 2251 Judices,

71 2246 163 2277 vestris
172 2245 316 2276 sententiis
329 2245 510 2276 liberaveritis
522 2267 530 2280 ‚
552 2245 642 2274 statim
653 2267 661 2281 ‚
681 2245 750 2274 sicut
763 2256 778 2274 e
794 2256 878 2278 cavea
891 2247 937 2278 leo
947 2249 1053 2288 miffus,
1073 2258 1121 2282 aut
1131 2253 1180 2283 ali-

73 2294 126 2322 qua
136 2285 282 2314 taeterrima
291 2284 384 2314 bellua
393 2283 482 2313 soluta
493 2292 528 2312 ex
537 2283 656 2319 catenis,
679 2283 816 2314 volitabit.

53 2312 160 2352 ‘feneri
171 2321 271 2352 valida.
294 2321 391 2352 Tibul.
403 2321 450 2351 lib.
462 2332 488 2357 4.
501 2331 526 2355 ς.
542 2330 585 2358 1ς.

55 2359 169 2390 Vincite
183 2360 314 2397 aliquem.
337 2360 422 2390 Ovid.
435 2369 476 2396 15.
489 2359 560 2389 Met.
573 2363 639 2389 601.

55 2397 160 2429 catena
170 2420 178 2435 ,
200 2408 252 2437 pro
264 2398 373 2428 Chorea
384 2397 534 2427 catenatim
542 2396 676 2427 conserta.
697 2396 808 2428 Lucret.
820 2397 869 2429 lib.
881 2408 906 2429 2.
919 2402 984 2437 631.

248 2437 368 2466 ——uinter
379 2436 405 2465 se
419 2436 491 2465 forte
504 2441 616 2465 catenas

145 2472 278 2509 Ludunt,
300 2474 330 2503 in
339 2483 544 2510 numerumque
559 2472 688 2503 exultant
700 2473 833 2511 sanguine
846 2475 911 2505 lacti.
993 2477 1047 2509 Hic
1061 2480 1182 2511 Catervae

55 2517 59 2522 ‘
72 2522 170 2552 parurn
181 2512 302 2542 fideliter
318 2512 463 2541 excudunt
479 2511 570 2541 multi.
610 2511 709 2541 Sensus
723 2520 815 2542 autem
836 2514 874 2542 est
885 2536 893 2548 ,
916 2514 952 2543 Ut
963 2516 1027 2546 illos
1045 2518 1183 2549 fanaticos

71 2550 642 2589 188131111313881301838181118111311183111
654 2549 701 2578 suo
720 2551 854 2581 exultaffe
877 2553 903 2581 &
922 2552 1010 2584 lusiffe
1029 2555 1181 2594 sanguIne,

73 2591 100 2619 &
108 2590 238 2627 pernices
249 2588 360 2626 agitasse
371 2587 486 2617 choreas
495 2588 675 2625 accipiamus.

56 2627 160 2657 Catena
167 2627 221 2656 fuit
230 2629 316 2656 etiam
326 2626 534 2656 Ornamentum
543 2626 689 2655 muliebre.
719 2625 787 2655 Plin.
803 2635 845 2663 33.
859 2637 883 2663 3.
906 2627 1067 2661 Discurrant
1076 2638 1182 2663 catenae

73 2665 146 2695 circa
156 2664 241 2694 latera
250 2687 258 2701 ,
280 2666 306 2694 &
321 2664 420 2693 inserta
430 2664 642 2701 margaritarum
661 2665 788 2702 pondere
800 2675 815 2694 8
826 2666 901 2695 collo
913 2667 1092 2700 dominarum
1112 2681 1180 2701 auro

74 2703 225 2741 pendeant.
266 2702 296 2732 V.
319 2702 384 2732 Hor.
405 2712 427 2731 1.
443 2702 530 2731 Serm.
546 2712 569 2731 1.
584 2706 630 2737 65.

35 2753 44 2771 i·
56 2740 195 2771 Dicuntur
207 2742 233 2771 &
243 2740 355 2770 Catenae
365 2762 374 2775 ,
394 2739 498 2777 Lignea
512 2740 623 2769 vincula
636 2762 644 2774 ‚
665 2739 766 2776 quibus
783 2741 882 2771 afferes
897 2743 1020 2774 trabibus
1038 2747 1182 2785 contigna-

75 2780 159 2808 tionis
169 2801 178 2814 ,
198 2780 310 2809 testove
322 2778 478 2816 affiguntur.
501 2778 532 2807 V.
545 2778 646 2807 Pallad.
660 2778 695 2807 cle
709 2778 739 2807 R.
756 2778 790 2809 R.
806 2790 827 2809 1.
845 2790 887 2817 13.
904 2784 929 2811 <sk
942 2783 1047 2812 Vitruv.
1059 2793 1084 2820 7.
1100 2794 1124 2821 3.

53 2817 122 2847 rure
131 2826 153 2846 N
163 2818 181 2846 ῠ
192 2828 207 2845 1.
217 2826 237 2846 A
247 2838 256 2852 ,
278 2826 309 2846 ae.
332 2816 386 2846 sive
399 2817 483 2846 etiam
497 2816 518 2845 C
528 2826 547 2845 A
557 2824 578 2844 ‘r
587 2826 625 2845 131.
637 2827 652 2844 L
663 2826 681 2844 A
692 2837 699 2850 ,
714 2826 744 2846 ae.
761 2817 780 2846 f.
804 2817 945 2857 Praecipua
955 2821 1026 2850 inter
1035 2831 1183 2853 ornamen-

57 2854 238 2886 tamuliebria
246 2861 415 2884 numeratur.
438 2854 505 2884 Hor.
522 2864 545 2883 1.
559 2854 642 2892 Epist.
660 2862 700 2890 17.
716 2865 759 2889 ςς.

133 2892 209 2923 Νο13
218 2893 301 2922 refert
311 2893 463 2922 meretricis
471 2892 600 2922 acumina
611 2914 618 2924 .
640 2892 711 2929 saepe
723 2892 867 2930 catellam,

63 2964 65 2967 ¹
134 2931 214 2969 Saepe
223 2930 419 2968 periscelidem
430 2937 539 2968 raptam
547 2930 598 2959 sibi
610 2930 701 2959 flentis
714 2952 721 2965 ,
735 2933 789 2961 818.

56 2968 120 3000 Erat
129 2970 214 2999 etiam
223 2968 308 2998 Virile
320 2976 534 3003 ornamentum,
559 2969 668 2998 virtutis
685 2971 841 3005 praemium.
882 2969 939 3001 Liv.
956 2981 999 3009 39.
1017 2982 1061 3011 31.
1090 2974 1183 3012 Quin.

75 3008 129 3037 tius
136 3007 202 3043 suos
213 3008 322 3045 equites
329 3007 436 3037 catellis
446 3016 478 3036 ac
486 3005 579 3036 fibulis
589 3007 705 3035 ornavit.

53 3049 178 3076 3τὲΝο
189 3067 196 3081 ,
218 3039 373 3082 [anonim]
393 3054 447 3074 are.
470 3045 582 3074 Catenis
594 3045 710 3074 vincire.
733 3044 874 3076 Fortunat.
888 3051 914 3081 8.
930 3057 955 3082 4.
969 3052 1033 3082 268.

134 3083 248 3114 Brac‘tea
271 3090 439 3121 gemmatam
459 3082 605 3121 cycladem
622 3082 669 3112 fila
689 3090 827 3112 catenant.
908 3085 942 3115 Et
962 3086 1105 3118 onomast,
1119 3087 1180 3119 vet,

59 3121 163 3152 Cateno
172 3143 182 3157 ,
202 3117 286 3148 malin.
326 3121 402 3151 Hinc

51 3161 251 3190 ita-sumus
262 3181 271 3194 ,
292 3169 326 3194 a,
348 3169 406 3189 um.
427 3164 473 3194 ut,
497 3158 605 3195 Janitor
625 3164 769 3189 catenatus
783 3181 792 3194 ,
829 3158 918 3189 Portae
942 3161 1073 3198 adjacens
1094 3164 1182 3195 canis.

59 3197 196 3227 Columel.
206 3198 236 3226 in
246 3197 322 3234 praef.
333 3197 380 3226 lib.
392 3207 416 3227 r.

59 3235 214 3266 Britannus.
239 3235 306 3265 Hor.
319 3235 410 3273 Epod.
424 3243 449 3271 7.
463 3239 490 3269 8.

59 3272 163 3303 Hamus
172 3278 333 3308 catenatus,
354 3273 423 3302 Plin.
437 3273 485 3302 lib.
497 3282 523 3309 9.
540 3282 601 3311 cap.
618 3282 661 3307 11.
682 3272 714 3303 In
725 3273 843 3304 modum
854 3280 960 3305 catenae
972 3275 1068 3306 faetus.
1107 3278 1184 3314 [Im-

77 3321 124 3341 mo
135 3311 246 3341 Catenae
256 3310 382 3348 alligatus
392 3332 401 3347 ,
421 3310 466 3340 vel
479 3311 518 3340 Ex
527 3318 627 3341 catena
638 3311 790 3349 suspensus.

59 3347 178 3380 Labores
188 3351 329 3385 catenati,
352 3359 400 3387 per
413 3348 631 3379 translationem.
652 3350 773 3380 Martini.
786 3350 834 3381 lib.
852 3354 930 3381 1.16.

137 3387 294 3426 Expectant
303 3397 430 3425 curaeque
441 3409 449 3423 ,
471 3388 648 3424 catenatique
658 3387 775 3418 labores.
872 3388 899 3418 h.
914 3399 939 3418 e.
961 3389 1023 3419 Sese
1037 3397 1137 3422 mutuo
1156 3394 1183 3423 Sc

78 3425 195 3459 vicissim
203 3425 409 3463 subsequentes,
421 3425 497 3461 'quasi
505 3434 570 3454 vero
579 3427 756 3456 concatenati
766 3425 861 3456 effent.
885 3427 917 3457 V.
930 3436 1115 3459 CONCATENA
1122 3441 1182 3461 rus.

60 3461 167 3501 Lagena
176 3469 310 3493 catenata.
332 3463 509 3493 Martiallib.
525 3471 551 3500 7.
561 3467 606 3493 60.

61 3499 156 3531 Versus
175 3511 210 3531 ex
228 3501 355 3539 pluribus
373 3503 399 3531 Sc
422 3500 571 3538 asperrime
590 3500 758 3532 coeuntibus
778 3502 851 3532 inter
871 3501 898 3532 se
924 3501 1035 3540 syllabis
1053 3507 1183 3537 catenati.

56 3544 60 3552 ¹
81 3539 198 3576 Quintil.
209 3539 258 3569 lib.
273 3549 297 3569 1.
314 3549 377 3578 cap.
397 3548 420 3568 1.
433 3545 503 3568 extr.

58 3585 125 3607 A'rs
134 3587 156 3606 N
165 3586 212 3606 AT
220 3588 230 3606 1
241 3587 258 3607 o
268 3598 274 3608 .
299 3579 371 3607 onis.
395 3577 414 3606 f.
436 3569 626 3613 [davaiobmm]
648 3587 699 3615 pro
712 3577 921 3613 Conjundtione
932 3580 958 3608 ἃ
966 3580 1118 3611 3181311008
1127 3582 1185 3612 stri-

63 3616 106 3644 aa
114 3614 233 3645 trabium
241 3614 287 3644 vel
298 3615 413 3644 aliarum
425 3625 517 3644 rerum
525 3615 597 3644 inter
606 3615 641 3644 se.
671 3615 775 3644 VitruV.
789 3616 835 3645 lib.
849 3626 873 3646 2.
884 3626 945 3653 cap.
958 3627 983 3651 9.
1008 3618 1041 3647 Et
1059 3620 1088 3648 in
1109 3630 1186 3650 com-

62 3652 177 3696 missuris
185 3674 194 3689 ,
216 3654 242 3684 &
251 3653 282 3682 in
290 3652 581 3691 coagmentationibus
594 3653 629 3682 ab
641 3652 813 3683 lentitudine
826 3653 917 3684 firmas
925 3655 1066 3693 recipiunt
1076 3665 1186 3689 catena.

62 3696 159 3721 tiones.

381 3738 439 3759 um.
461 3729 523 3765 Adj.
546 3729 711 3765 [oixu'cdzsv]
732 3735 763 3759 ut
774 3752 782 3764 ,
811 3729 895 3758 Canis
916 3731 1073 3761 catenarius
1086 3755 1094 3769 ‚
1126 3734 1186 3772 Qui

64 3766 98 3795 ad
106 3766 176 3796 fores
188 3767 288 3797 domus
296 3766 424 3805 alligatur
434 3767 564 3797 custodiae
577 3767 666 3798 causa.
707 3768 804 3797 Senec.
815 3767 865 3797 lib.
880 3777 904 3804 3.
932 3768 967 3798 de
980 3769 1021 3798 Ira
1033 3791 1041 3804 ,
1062 3779 1122 3810 cap.
1139 3782 1183 3810 ³7·

63 3803 185 3834 Irasceris
199 3806 339 3835 catenario
353 3806 436 3840 cani,
458 3807 484 3835 8(
497 3805 562 3840 hic,
582 3815 671 3844 quum
691 3805 813 3836 multum
835 3806 944 3835 latravit
956 3828 964 3842 ,
986 3808 1098 3844 objecto
1121 3811 1186 3841 cibo

64 3841 235 3872 mansuescit.
270 3842 303 3873 V.
325 3843 435 3873 Petron.
446 3853 508 3881 cap.
522 3851 567 3879 72.

37 3877 182 3909 :A'raNA
193 3888 213 3908 τ
223 3889 274 3915 ss,
293 3890 351 3910 um.
373 3891 410 3910 m.
433 3881 645 3911 Vindelicorum
670 3881 788 3920 populi,
817 3891 937 3918 quorum
962 3883 1093 3915 meminit
1117 3885 1187 3916 Plin.

66 3916 112 3947 lib.
126 3927 150 3953 3.
165 3927 224 3956 cap.
237 3926 283 3947 20.
293 3918 323 3947 in
335 3918 521 3962 descriptione
531 3918 644 3957 Alpium
653 3941 661 3953 ,
684 3922 709 3949 ὃ(
727 3920 892 3958 Alpinorum
903 3921 1084 3958 populorum.

39 3952 105 3984 Cirr
114 3956 131 3985 ἒ
140 3965 184 3984 no
193 3965 208 3983 P
217 3966 251 3984 LI
262 3966 281 3984 u
290 3967 321 3991 M,
340 3967 358 3986 i.
376 3966 405 3985 n.
422 3957 626 3993 [amamini]
642 3958 757 3995 Species
770 3958 824 3987 fuit
835 3957 970 3995 Rhytbmi
981 3960 1185 3998 carminisque,

35 4031 37 4068 1

66 3992 100 4022 ad
111 3993 186 4031 quod
197 3992 329 4022 saltabant
336 4000 443 4024 veteres
453 4004 528 4024 arma
539 3995 706 4031 quatientes.
730 3995 760 4024 V.
784 3996 862 4027 Suid.
876 3995 977 4026 Auson.
994 4006 1037 4027 ιο,
1052 3998 1186 4036 Epist.41.

144 4030 297 4061 Nobiscum
307 4032 433 4062 invenies
443 4029 604 4070 catenoplia
620 4034 637 4063 ii
646 4033 718 4063 libet
727 4033 777 4064 uti.

1234 2283 1522 2320 CATizavAarus,
1543 2294 1568 2319 a,
1590 2294 1646 2314 um.

1238 3501 1544 3536 CATHARTicos,
1565 3512 1595 3537 a,
1617 3512 1673 3532 um.
1695 3496 1883 3536 [καῖαξπῆές]
1914 3499 1974 3535 Adl-
1997 3505 2044 3534 qt,

1628 157 1657 191 C
1754 159 1781 191 A
1873 157 1903 190 'I'
2314 176 2355 208 45
2367 176 2379 206 ς

1227 238 1249 266 C
1262 240 1274 266 λ
1289 247 1429 273 rrum,
1450 248 1480 267 ar.
1503 238 1522 268 f.
1553 236 1675 273 [τῖφῶν.
1692 234 1757 272 ἴλη]
1785 237 1916 274 Vegetius
1941 237 1988 266 lib.
2008 246 2034 266 2.
2054 248 2114 276 cap.
2133 248 2158 268 2.
2194 240 2385 279 macedones,

1266 277 1352 304 (itaci
1367 298 1374 310 ,
1395 276 1516 304 Dardani
1529 277 1677 313 phalanges
1698 275 1872 307 habuerunt,
1895 282 1925 303 ut
1944 276 1972 303 in
1994 285 2047 304 una
2064 277 2200 314 phalange
2219 288 2384 310 armatorum

1265 315 1330 341 ocio
1341 313 1427 342 millia
1437 314 1624 343 censerentur.
1647 313 1718 343 Galli
1730 320 1810 350 atquc
1821 312 1962 346 Celtiberi,
1982 313 2130 350 pluresque
2143 315 2288 346 barbarior·
2300 320 2387 347 natio-

1267 360 1315 379 nes
1326 350 1745 389 811181115111811311111111111111110
1760 361 1765 380 :
1788 352 1815 379 in
1828 351 1928 387 quibus
1944 358 2022 379 erant
2035 351 2096 380 sena
2110 353 2196 381 millia
2210 364 2387 386 (ltll‘intoi‘mn.

1268 388 1361 455 Qkuidt
1370 391 1492 418 Catervae
1513 400 1528 418 a
1548 389 1660 419 Turmis
1682 389 1832 423 differant,-
1851 399 1909 418 urio
1928 388 2062 418 versiculo
2078 398 2171 427 aperte
2183 392 2265 421 docet
2277 393 2343 423 1101.
2359 405 2384 424 2.

1298 426 1347 463 ‘pil
1364 449 1368 454 .
1386 436 1407 454 1.
1424 436 1485 459 190.

1361 463 1432 492 Dum
1444 464 1554 499 fugiunt
1565 464 1689 499 equitum
1702 470 1798 493 turmae
1807 486 1816 499 ,
1837 464 2020 501 peditumque
2032 470 2158 495 catervae.

1266 499 1404 538 IEquales.
1429 501 1499 537 Virg.
1514 510 1554 529 10.
1570 502 1629 530 llin.
1647 511 1706 536 194.

1348 538 1432 567 Filius
1446 539 1563 574 aequales
1579 539 1726 568 comitatus
1736 538 1817 568 classe
1828 546 1958 569 catervas.

1287 576 1444 604 distributas
1454 576 1593 611 &qualiter
1604 583 1724 605 catervas
1735 599 1743 612 ,
1765 577 1802 606 ait
1812 577 1931 607 Servius.

1267 614 1383 642 Armata.
1406 614 1462 642 Cic.
1476 624 1525 649 pro
1542 613 1630 642 Domo
1652 624 1711 643 110.

1268 651 1415 680 Armiserae.
1437 652 1503 679 Stat.
1517 651 1564 680 lib.
1582 663 1604 685 ς.
1618 651 1681 681 Silv.
1697 662 1718 681 1.
1733 656 1794 681 116.

1265 688 1414 726 Fulgentes
1426 698 1487 717 iere.
1509 688 1581 725 virg.
1594 695 1619 721 8.
1636 690 1696 718 [En.
1714 699 1775 725 593·
1875 706 1912 710 —
1926 689 2067 727 oculisque
2078 690 2228 728 sequuntur

1359 726 1517 755 pulveream
1529 727 1633 755 nubem
1645 749 1653 761 ,
1676 729 1701 756 tt
1716 728 1853 763 fulgentes
1864 738 1915 757 :rre
1926 735 2058 758 catervas.

1266 764 1466 801 Populatrices.
1487 763 1632 792 Claudian.
1649 774 1672 799 3.
1685 765 1720 793 de
1733 765 1944 803 Rzipt.Proserp.
1964 770 2028 802 167.

1266 802 1408 830 Victrices.
1433 801 1499 830 Hor.
1515 812 1541 836 4.
1558 802 1649 830 Carni.
1664 813 1689 836 4.
1703 811 1747 836 23.

1265 841 1350 875 Agere
1363 846 1484 868 catervas
1500 861 1506 873 ,
1530 840 1547 867 i.
1563 850 1586 867 e.
1610 839 1755 876 impellere
1766 861 1773 874 ‚
1795 850 1908 877 urgere,
1928 842 1953 871 &
1967 840 2105 872 inscc‘tari.
2128 842 2192 872 Sen.
2204 843 2233 872 in
2243 843 2390 883 Hippol.4.

1266 878 1348 906 Ciere
1361 877 1491 906 infernas.
1513 876 1607 906 Tibul.
1621 877 1670 905 lib.
1688 887 1710 906 1.
1726 886 1752 906 2.
1765 888 1809 913 49.

1264 915 1396 945 Densare.
1423 915 1492 952 Virg.
1507 924 1547 943 12.
1561 915 1622 944 liin.
1635 920 1698 950 264.

1462 968 1498 972 —
1508 962 1557 981 vos
1567 953 1691 982 unanimi
1705 952 1818 981 densare
1830 959 1953 982 catervas

1358 989 1393 1020 Et
1402 1000 1495 1028 regem
1506 990 1584 1020 vobis
1596 1001 1688 1028 pugna
1697 991 1839 1020 defendite
1850 998 1968 1029 raptum.

1265 1028 1386 1065 implere
1397 1038 1521 1066 magnas.
1547 1029 1614 1058 Hor.
1629 1039 1650 1057 1.
1665 1031 1752 1059 Serm.
1765 1039 1806 1058 io.
1823 1038 1865 1065 35.

1266 1067 1406 1097 infestare.
1435 1068 1502 1096 Stat.
1521 1077 1546 1102 9.
1562 1066 1653 1096 Theb.
1668 1073 1732 1100 812.

1266 1105 1310 1136 Ire
1319 1115 1369 1142 per
1378 1104 1526 1134 obstantes.
1553 1105 1620 1134 Hor.
1636 1113 1658 1141 3.
1675 1106 1767 1134 Carm.
1779 1113 1825 1134 20.
1838 1114 1862 1140 ς.

1266 1143 1410 1210 Ρὶοτίρεῑε
1421 1143 1450 1171 111
1469 1142 1566 1180 Lycias
1582 1150 1713 1172 catervas.
1735 1143 1752 1172 i.
1769 1152 1794 1172 e.
1816 1142 1848 1172 In
1868 1142 1974 1172 bellum
1990 1151 2085 1180 rapere
2101 1142 2266 1180 Troianum.
2287 1146 2353 1176 Hor.
2368 1156 2393 1177 1.

1302 1182 1378 1210 arm.
1393 1186 1418 1215 8.
1436 1184 1478 1210 16.

1268 1219 1401 1254 Caterva,
1422 1229 1473 1257 pro
1496 1217 1700 1254 Multitudine,
1723 1220 1750 1249 &
1771 1228 1874 1256 magno
1893 1227 2021 1248 numero.
2043 1224 2095 1254 ut,
2117 1219 2239 1250 Caterva»,
2257 1222 2397 1252 contradi-

1288 1257 1425 1286 centium.
1450 1256 1508 1286 Cic.
1526 1267 1548 1286 1.
1563 1257 1643 1287 Tusc.
1659 1266 1704 1294 77.

1268 1294 1413 1325 Comitum
1428 1301 1546 1324 caterva.
1571 1294 1681 1325 Lucret.
1696 1294 1745 1324 lib.
1755 1304 1782 1324 2.
1795 1298 1860 1328 628.

1267 1333 1408 1369 Juvenum
1421 1341 1537 1363 caterva.
1564 1333 1636 1371 virg.
1654 1344 1673 1363 i.
1690 1333 1826 1368 AEn.501.
1868 1365 1873 1370 ¹

1464 1387 1502 1391 —-
1512 1381 1612 1408 magna
1621 1373 1755 1407 juvenum
1765 1371 1882 1408 stipante
1891 1376 2008 1402 caterva.

1268 1408 1394 1439 Testium
1405 1414 1529 1438 catervae.
1552 1411 1608 1439 Cic.
1626 1420 1651 1445 7.
1668 1409 1741 1439 Verr.
1756 1418 1816 1438 112.

1268 1448 1424 1477 Verborum
1434 1453 1553 1477 caterva.
1595 1447 1668 1477 Gell.
1688 1457 1730 1483 ις.
1743 1456 1770 1476 2.
1795 1447 1829 1476 Et
1849 1446 1997 1477 incondita
2014 1446 2165 1478 verborum
2179 1452 2292 1478 caterva
2307 1448 2398 1479 horta-

1290 1486 1370 1515 batur
1382 1496 1480 1515 omnes
1492 1486 1527 1514 ad
1539 1485 1702 1515 bibendum.

1270 1523 1393 1561 Vigilum
1404 1532 1535 1553 catervas.
1560 1524 1643 1553 Ovid.
1660 1534 1682 1553 i.
1696 1524 1786 1553 Amor.
1799 1533 1824 1559 9.
1836 1531 1881 1560 27.

1363 1561 1516 1591 Custodum
1529 1562 1639 1591 transire
1648 1571 1747 1591 manus
1757 1582 1765 1595 ,
1787 1561 1958 1598 vigilumque
1968 1566 2104 1592 catervas.

1270 1600 1417 1636 Anguinea
1431 1606 1548 1629 caterva.
1588 1601 1605 1630 i.
1621 1610 1645 1629 e.
1680 1600 1819 1637 Anguium
1838 1599 1894 1629 sive
1913 1599 2085 1637 serpentium
2102 1599 2265 1630 multitudo.
2301 1599 2397 1630 Tibul.

1291 1637 1340 1667 lib.
1355 1646 1379 1674 3.
1392 1649 1418 1674 4.
1432 1643 1475 1674 87.
1493 1637 1527 1667 de
1539 1638 1669 1667 Cerbero.

1364 1676 1391 1705 N
1395 1686 1428 1705 ec
1439 1676 1516 1705 canis
1525 1677 1666 1715 anguinea
1676 1675 1824 1705 redimitus
1835 1680 1912 1713 terga
1921 1681 2042 1705 caterva.

1290 1713 1410 1743 Broekh.
1433 1724 1460 1751 q.
1477 1713 1508 1743 V.

1270 1749 1409 1782 Feminea:
1422 1758 1547 1782 catervae.
1570 1751 1692 1781 Martial.
1703 1751 1751 1781 lib.
1767 1762 1810 1781 11.
1824 1757 1870 1788 48.

1366 1790 1472 1820 Omnia
1480 1790 1608 1819 femineis
1621 1799 1705 1827 quare
1717 1789 1819 1819 dilerfta
1831 1790 1947 1820 catervis

1404 1828 1507 1857 Balnea
1517 1828 1624 1857 devitat
1638 1827 1745 1857 Blatara
1755 1829 1768 1856 ἶ)
1791 1829 1843 1857 dte.
2297 1851 2299 1853 .

1271 1865 1384 1903 Magna.
1427 1866 1486 1896 Cic.
1500 1876 1550 1904 pro
1564 1866 1674 1896 Muren.
1690 1869 1735 1902 69.
1764 1865 1939 1896 Posthumius
1957 1865 2069 1895 obviam
2087 1875 2153 1896 cum
2163 1866 2236 1896 bene
2249 1875 2349 1903 magna
2359 1876 2402 1897 ca-

1292 1912 1368 1933 terva
1381 1903 1427 1933 sua
1438 1905 1525 1934 venit.

1271 1942 1397 1972 Catervae
1409 1964 1417 1978 ,
1440 1949 1523 1980 atque
1535 1947 1703 1972 conventus.
1744 1942 1803 1972 Cic.
1817 1950 1842 1977 3.
1855 1941 1890 1971 de
1900 1941 1976 1971 Orat.
1991 1951 2053 1977 194.
2076 1941 2155 1978 Quid
2170 1941 2235 1976 hoc,
2257 1951 2315 1971 non
2326 1943 2404 1973 idem

1292 1980 1512 2010 fitinvocibus‘?
1533 1989 1563 2009 ut
1576 1990 1591 2009 a
1605 1981 1788 2010 multitudine
1807 1981 1833 2009 Sc
1853 1980 1960 2017 populo
1972 2002 1979 2015 ,
2002 1989 2060 2008 non
2082 1980 2168 2008 modo
2191 1987 2308 2010 catervae
2321 1987 2404 2018 atque

1296 2024 1452 2048 conventus
1464 2040 1472 2054 ,
1493 2018 1540 2048 sed
1552 2019 1634 2047 etiarn
1647 2019 1695 2056 ipsi
1706 2018 1755 2048 sibi
1767 2018 1864 2055 singuli
1877 2017 2064 2055 discrepantes
2075 2018 2228 2053 ejiciantur.

2041 539 2060 569 i.
2079 549 2103 569 e.
2122 540 2172 570 Per
2188 550 2274 572 naves
2283 542 2388 575 habens

2125 1676 2188 1707 Nec
2196 1675 2401 1714 consanguinea

1236 2056 1261 2087 C
1269 2066 1289 2086 A
1298 2066 1317 2086 T
1325 2066 1364 2085 aa
1372 2066 1389 2085 v
1398 2060 1415 2085 Ᾰ
1425 2066 1444 2085 τ
1455 2067 1464 2085 1
1474 2067 1495 2085 M
1503 2078 1512 2092 ,
1533 2053 1661 2092 [ὶλαδῖιν]
1685 2055 1751 2086 Adv.
1772 2056 1820 2085 Per
1831 2055 1948 2086 diversas
1960 2062 2093 2086 catervas.
2116 2055 2218 2093 Virg.3.
2234 2055 2403 2094 Georg.556.

1367 2094 1486 2132 Jamque
1501 2094 1663 2124 catervatim
1676 2094 1724 2123 dat
1734 2094 1861 2131 stragem.

1273 2131 1341 2162 Dari
1356 2133 1516 2162 catervatim
1526 2132 1636 2162 morbo.
1659 2132 1768 2162 Lucret.
1780 2132 1828 2161 lib.
1839 2135 1865 2162 6.
1878 2141 1888 2161 1
1897 2139 1959 2166 142.

1365 2170 1435 2199 lnde
1446 2171 1606 2200 catervatim
1617 2171 1716 2199 morbo
1727 2192 1735 2206 ‚
1760 2171 1900 2207 mortique
1913 2170 2058 2200 dabantur.

1273 2207 1374 2237 Volare
1386 2209 1547 2238 catervatim
1560 2208 1693 2238 dicuntur
1703 2208 1797 2238 sturni.
1819 2208 1886 2237 Plin.
1901 2208 1949 2237 lib.
1965 2218 2008 2238 10.
2019 2218 2082 2246 cap.
2095 2217 2142 2244 24.

1273 2245 1400 2275 Confusae
1411 2247 1532 2276 &mistae
1542 2248 1712 2276 catervatim.
1735 2246 1875 2276 Columel.
1887 2246 1936 2275 lib.
1952 2256 1976 2282 3.
1995 2256 2056 2283 cap.
2075 2255 2118 2282 19.

1668 2285 1810 2320 [ὶλαῖὢ]
1831 2285 1907 2314 Suet.
1919 2285 1948 2312 in
1961 2284 2069 2321 August.
2083 2294 2130 2320 45.
2152 2283 2293 2321 spectavit
2305 2283 2407 2314 studio-

1271 2322 1372 2352 sissime
1382 2322 1509 2360 pugiles,
1531 2332 1589 2351 non
1601 2322 1758 2352 ordinarios
1774 2323 1860 2351 modo
1879 2324 1905 2352 &
1919 2322 2060 2360 legitimos
2073 2343 2080 2357 ,
2101 2322 2149 2351 sed
2167 2322 2334 2351 catervarios
2356 2333 2406 2360 op-

1277 2361 1409 2399 pidanos,
1425 2362 1497 2389 inter
1508 2361 1645 2398 angustias
1658 2361 1785 2390 vicorum
1797 2368 1901 2390 temere
1919 2370 1952 2390 ac
1969 2360 2025 2390 sine
2039 2366 2096 2389 arte
2110 2367 2275 2398 pugnantes.
2312 2361 2408 2390 Cater-

1274 2399 1366 2428 varios
1376 2398 1501 2436 appellat
1509 2398 1640 2436 vulgar-es
1650 2420 1658 2435 ,
1681 2400 1706 2429 8<
1719 2408 1777 2428 non
1788 2398 1942 2435 dispositos.
1984 2398 2015 2427 V.
2039 2397 2108 2435 Lips
2123 2398 2178 2427 Sat.
2191 2408 2217 2427 2.
2236 2401 2277 2426 16.

1237 2436 1260 2466 C
1269 2446 1289 2465 A
1299 2446 1318 2465 T
1329 2446 1382 2465 HAE
1391 2447 1408 2465 R
1417 2446 1433 2465 ο
1445 2446 1466 2465 Ν
1477 2458 1485 2472 ,
1507 2437 1589 2466 ontis.
1611 2446 1648 2466 m.
1671 2437 1839 2473 [κκῖυιίξων]
1861 2436 1972 2472 Planta,
1995 2446 2055 2474 quae
2067 2438 2093 2465 &
2110 2436 2167 2465 Iris.
2194 2434 2286 2465 Diosc.
2303 2446 2325 2465 1.
2343 2447 2367 2466 1.

1236 2475 1260 2504 'C
1270 2485 1288 2504 A
1297 2484 1317 2503 T
1325 2484 1346 2503 1-1
1356 2485 1376 2503 A
1387 2485 1403 2503 R
1413 2485 1434 2504 M
1442 2476 1460 2503 A
1469 2484 1488 2503 T
1498 2484 1532 2510 A,
1559 2485 1616 2504 um.
1647 2473 1853 2510 [animam]
1880 2481 1961 2504 erant
1983 2474 2123 2504 Homines
2135 2496 2142 2509 ‚
2173 2474 2220 2511 qui
2240 2484 2291 2517 pro
2310 2476 2385 2512 peste
2396 2498 2405 2511 ,

1275 2512 1368 2542 aliove
1378 2512 1478 2542 morbo
1489 2513 1631 2550 expiando
1650 2512 1869 2543 immolabantur
1880 2513 1950 2543 diis:
1973 2513 2021 2550 qui
2040 2512 2109 2542 ritus
2129 2512 2298 2550 expiationis
2318 2523 2333 2542 a
2352 2513 2407 2542 Ro.

1277 2551 1367 2580 manis
1377 2550 1565 2588 usurpabatur.
1588 2551 1658 2580 Bud.

1238 2589 1439 2624 CATHARMUS‚
1450 2585 1607 2625 [κωθαρμές]
1617 2589 1712 2618 Genus
1722 2587 2015 2623 fuitLustrationis,seu
2025 2588 2195 2626 expiationis
2206 2588 2405 2632 apudGraecos,

1276 2628 1305 2656 in
1319 2626 1485 2664 pestilentia,
1495 2632 1543 2656 aut
1552 2627 1634 2661 fame,
1644 2627 1732 2656 aliave
1740 2627 1907 2662 calamitate,
1918 2627 2057 2662 majoreve
2068 2626 2162 2664 aliquo
2173 2626 2342 2660 discrimine,
2353 2637 2406 2663 qua

1276 2664 1423 2694 hominem
1445 2664 1586 2700 abjectum
1608 2665 1825 2702 perquirebant,
1846 2675 1930 2701 quem
1959 2665 2071 2699 caricis,
2093 2665 2229 2702 placentis
2240 2686 2247 2700 ,
2268 2664 2405 2701 caseoque

1275 2702 1454 2733 alliciebant:
1477 2712 1542 2732 eum
1553 2703 1654 2740 septies
1665 2704 1748 2740 virgis
1760 2703 1925 2741 quibusdam
1936 2703 1971 2732 ad
1981 2703 2117 2741 pudenda
2129 2702 2327 2736 verberabant,
2344 2709 2406 2732 tum

1273 2741 1391 2770 demum
1403 2740 1527 2770 confossa
1537 2740 1619 2771 fovea
1630 2742 1812 2776 cremabant,
1837 2742 1944 2770 cineres
1959 2741 1990 2770 in
2000 2750 2077 2770 mare
2098 2741 2284 2778 projiciebant
2294 2762 2301 2775 ,
2323 2750 2356 2769 eo
2368 2741 2406 2770 sa-

1276 2788 1324 2808 cro
1336 2779 1458 2808 arbitrati
1469 2777 1566 2808 urbem
1585 2780 1742 2817 expurgari.
1782 2779 1918 2810 Meminit
1938 2778 2055 2809 isaacius
2075 2778 2152 2817 apud.
2172 2778 2403 2816 Lycophronem:

1275 2817 1343 2846 item
1355 2816 1509 2855 Hipponax
1522 2817 1551 2845 in
1564 2817 1675 2847 lambis.

1237 2855 1260 2885 C
1271 2865 1289 2884 A
1298 2865 1317 2883 'r
1327 2864 1346 2884 1-1
1357 2865 1376 2883 A
1386 2865 1401 2884 R
1410 2865 1422 2885 s
1432 2866 1441 2884 1
1452 2865 1471 2883 A
1483 2877 1491 2890 ,
1520 2852 1696 2891 [καθάρσια]
1727 2861 1834 2886 veteres
1857 2854 1990 2885 Poro-alos
2008 2854 2212 2892 nuncupabant
2232 2853 2386 2883 minutulos
2395 2877 2404 2890 ‚

1275 2893 1376 2930 quibus
1387 2893 1541 2922 conciones
1553 2894 1580 2922 &
1598 2894 1704 2923 theatra
1713 2893 1905 2923 lustrabantur.
1947 2893 2005 2930 Qui
2015 2902 2076 2921 mos
2084 2893 2118 2922 ab
2132 2891 2341 2921 Atheniensibus
2350 2901 2406 2921 ma-

1274 2931 1350 2960 nasse
1362 2931 1447 2961 fertur
1463 2953 1470 2966 ,
1492 2931 1569 2967 apud
1581 2941 1649 2968 quos
1663 2933 1709 2969 qui
1720 2932 1750 2961 id
1762 2933 1886 2962 muneris
1898 2931 2032 2964 obibant,
2054 2930 2088 2959 ab
2100 2940 2128 2959 re
2145 2929 2315 2960 vocabantur
2334 2930 2405 2959 Peri-

1275 2969 1384 2998 stiarclii
1396 2991 1404 3004 ,
1425 2976 1557 3006 tanquam
1565 2970 1708 3000 circitores
1718 2970 1814 3006 dicas,
1834 2976 1865 3000 ut
1881 2979 1916 2999 ex
1927 2969 2147 3007 Harpocratione
2164 2968 2247 2997 refert
2264 2967 2330 2997 Cael.
2351 2969 2405 2998 An-

1275 3008 1325 3044 tiq.
1338 3007 1412 3036 Lea.
1427 3007 1476 3036 lib.
1487 3010 1513 3037 6.
1531 3016 1592 3051 cap.
1606 3017 1647 3037 12.
1669 3008 1744 3037 conf.
1756 3006 1833 3038 Suid.
1847 3009 1876 3037 in
1888 3008 1940 3038 hac
1949 3008 2015 3036 dict.

1237 3044 1261 3075 C
1270 3055 1288 3074 A
1298 3054 1317 3073 T
1329 3055 1348 3074 Η
1361 3055 1379 3073 A
1389 3055 1403 3073 1<
1414 3055 1425 3074 s
1436 3056 1444 3074 1
1456 3055 1473 3074 u
1483 3056 1504 3074 M
1515 3067 1522 3080 ,
1544 3055 1562 3075 i.
1576 3056 1603 3075 n.
1625 3047 1642 3082 [
1653 3043 1809 3083 καθέξων]
1831 3047 1860 3075 in
1874 3046 2033 3075 Grazcorum
2048 3044 2174 3073 1106111113
2190 3043 2300 3072 videtur
2311 3043 2406 3073 Purifi-

1275 3084 1348 3112 catio
1359 3083 1486 3120 quaedam
1503 3083 1567 3113 dici.
1606 3084 1718 3114 Morem
1732 3085 1839 3123 quippe
1855 3084 1967 3114 Athenis
1987 3081 2066 3112 fuisse
2085 3081 2209 3119 produnt
2220 3103 2227 3115 ,
2250 3082 2404 3112 conciones

1274 3122 1467 3159 expurgandi,
1489 3128 1571 3158 atque
1588 3123 1713 3159 theatra,
1735 3124 1762 3153 &
1781 3123 1899 3151 omnino
1921 3120 2075 3159 quemlibet
2098 3118 2196 3157 populi
2217 3128 2402 3160 conventum.

1274 3157 1390 3188 Lucian.
1413 3160 1442 3188 in
1460 3160 1566 3197 Dialog.
1589 3171 1659 3198 quos
1671 3160 1785 3192 νεκμκὲῑς
1801 3161 1888 3196 dicit,
1920 3163 1942 3195 »ς
1958 3157 1975 3185 ἐξ
1993 3168 2039 3184 mv
2056 3156 2112 3193 εὕροι
2128 3160 2147 3183 ἐν
2166 3157 2197 3192 τῇ
2213 3155 2303 3189 τςμόἔςν
2319 3155 2404 3189 εψφέτης

1277 3195 1362 3223 δεῖπνον
1382 3194 1499 3232 nauium,
1515 3196 1527 3225 ἦ
1541 3199 1581 3224 ὠὸν
1601 3199 1635 3225 &a
1655 3196 1785 3235 καῖαξσὲε.
1826 3199 1843 3227 1.
1865 3208 1889 3228 e.
1913 3197 1998 3226 sicubi
2023 3195 2178 3232 comperiat
2196 3195 2226 3223 in
2246 3195 2335 3224 triviis
2351 3195 2405 3224 He-

1276 3242 1352 3264 cates
1362 3245 1473 3265 coenam
1482 3236 1639 3272 jacentem,
1661 3244 1709 3267 aut
1720 3247 1753 3266 ex
1765 3237 1897 3266 catharlio
1913 3243 2008 3265 ovum.
2050 3233 2111 3263 Ova
2130 3238 2222 3261 autem
2237 3234 2406 3270 expiationi-

1276 3273 1328 3302 bus
1338 3280 1402 3312 apta
1413 3274 1546 3304 monstrat
1557 3274 1656 3309 Juven.
1669 3279 1694 3304 6.
1710 3275 1764 3304 Sat.
1778 3283 1839 3310 517.

1366 3328 1403 3332 -—
1413 3312 1462 3341 nisi
1471 3311 1496 3342 se
1507 3320 1622 3342 centum
1633 3312 1787 3341 lustraverit
1796 3312 1864 3341 ovis.

1276 3358 1329 3379 ova
1338 3349 1398 3379 haec
1409 3349 1528 3380 lustralia
1538 3351 1646 3380 indicat
1656 3350 1709 3379 illis
1719 3350 1838 3379 versibus
1849 3371 1857 3384 ,

1357 3387 1392 3417 Et
1405 3388 1499 3418 veniat
1511 3399 1570 3426 quae
1580 3388 1674 3418 lustret
1684 3397 1751 3417 anus
1760 3388 1920 3424 lectumque
1930 3385 2081 3422 locumque
2091 3405 2100 3420 ,

1412 3426 1539 3455 Praeferat
1552 3448 1560 3461 ‚
1581 3428 1608 3456 ot
1620 3425 1739 3456 tremula
1750 3425 1865 3462 sulphur
1876 3426 1901 3454 &
1914 3433 1967 3452 ova
1981 3432 2075 3452 manu.
2171 3421 2275 3452 Veram
2292 3433 2353 3461 quae
2373 3423 2404 3453 sit

1277 3463 1347 3493 ratio
1359 3463 1419 3493 ovis
1428 3464 1580 3502 expiandi,
1600 3465 1664 3494 vide
1676 3463 1750 3501 apud
1761 3462 1824 3492 Cael.
1838 3462 1930 3491 Rhod.
1942 3461 1991 3490 lib.
2004 3469 2048 3497 27.
2060 3469 2121 3497 cap.
2135 3468 2177 3496 17.

2072 3497 2263 3528 Catharticum
2283 3500 2405 3529 medica-

1449 3540 1535 3576 Quod
1545 3548 1651 3578 purgat.
1693 3537 1762 3567 Cels.
1776 3538 1825 3567 lib.
1838 3547 1863 3566 2.
1877 3547 1937 3574 cap.
1956 3546 1996 3566 12.
2020 3535 2075 3566 Sed
2087 3536 2294 3566 medicamenta
2306 3538 2405 3567 stoma-

1946 3310 1980 3340 Et
1997 3307 2083 3339 Ovid.
2095 3317 2121 3338 2.
2137 3307 2173 3339 de
2184 3308 2249 3339 Arte
2263 3308 2322 3338 Am.
2339 3317 2402 3347 329.

1296 3550 1305 3568 1
1326 3546 1356 3568 nt
1378 3549 1405 3568 m

1277 3549 1432 3607 gheumufere
1443 3578 1566 3607 laedunt:
1588 3578 1709 3613 ideoque
1720 3576 1850 3604 omnibus
1862 3575 2020 3604 catharticis
2030 3574 2092 3603 aloe
2102 3573 2246 3604 miscenda
2255 3576 2300 3604 est.

1241 3614 1423 3650 CATHEA,
1446 3624 1476 3644 ae.
1499 3616 1517 3644 f.
1541 3614 1663 3651 [κοθέω]
1687 3614 1820 3650 Regioest
1831 3613 1947 3642 inlndia
1958 3634 1974 3647 ,μ
1987 3612 2128 3649 Sopithis,
2149 3612 2195 3649 qui
2217 3623 2288 3643 unus
2307 3613 2359 3642 fuit
2370 3624 2405 3643 ex

1279 3654 1460 3688 Nomarcliis,
1483 3652 1670 3682 dominationi
1683 3651 1814 3686 subjecta,
1836 3660 1918 3688 quam
1929 3650 2043 3687 quidam
2054 3650 2127 3678 inter
2140 3650 2287 3688 Hydaspen
2303 3653 2328 3681 a
2341 3653 2406 3681 Aee-

1276 3691 1363 3720 sinem
1374 3692 1472 3720 fluvios
1490 3691 1599 3719 locant:
1622 3689 1748 3718 aliiinter
1758 3688 1902 3718 Acesinem
1921 3690 1946 3718 ὁὶ
1968 3688 2149 3724 Hyarotidem
2162 3688 2308 3718 finitimam
2328 3698 2405 3719 teriae

1278 3729 1355 3761 Pori.
1379 3728 1536 3758 consobrini
1549 3727 1660 3757 alterius
1673 3727 1751 3761 Pori,
1775 3727 1821 3763 qui
1834 3726 1868 3755 ab
1881 3725 2034 3755 Alexandro
2051 3733 2148 3763 captus
2159 3726 2205 3755 est.
2248 3728 2278 3756 ln
2296 3728 2405 3756 1138311-

1279 3773 1337 3797 tem
1349 3767 1462 3803 regione
1473 3766 1574 3801 mirum
1587 3766 1615 3794 in
1636 3765 1753 3793 modum
1770 3764 2014 3801 pulchritudinem
2033 3763 2125 3793 excoli
2146 3763 2261 3798 dicunt,
2285 3766 2356 3794 adeo
2377 3772 2407 3794 ut

1281 3804 1452 3835 Onesicritus
1465 3805 1561 3832 3116101
1573 3803 1613 3836 sit,
1634 3803 1709 3840 apud
1725 3812 1772 3831 eos
1784 3812 1877 3840 regem
1889 3801 2108 3840 pulcherrimum
2121 3801 2194 3838 eligi.
2236 3803 2352 3831 Puerum
2364 3814 2409 3832 vc-

1279 3853 1310 3873 ro
1323 3842 1383 3880 post
1394 3841 1464 3870 duos
1477 3840 1583 3870 menses
1599 3850 1682 3878 quam
1702 3847 1782 3869 natus
1801 3840 1905 3875 fuerit,
1926 3840 2167 3877 publiccjudicari
2179 3862 2187 3874 ,
2208 3847 2298 3869 utrum
2318 3841 2408 3876 logici.

1280 3890 1354 3909 mam
1366 3878 1613 3913 formamhabeat,
1635 3880 1661 3907 &
1672 3879 1727 3906 vita
1742 3878 1856 3915 dignam
1867 3900 1874 3913 ,
1896 3887 1987 3907 necne
2003 3888 2009 3918 ς
2033 3887 2153 3913 eumque
2172 3888 2257 3914 quum
2271 3880 2303 3906 ab
2322 3888 2354 3906 eo
2369 3880 2407 3911 iu-

1281 3919 1389 3947 dicatus
1401 3917 1500 3950 fuerit,
1522 3917 1568 3953 qui
1585 3917 1623 3945 rei
1639 3916 1754 3953 praeest,
1776 3916 1821 3945 vel
1833 3917 1925 3945 vivere
1938 3938 1946 3950 ,
1968 3919 2012 3945 vel
2035 3915 2165 3944 interimi.
2208 3916 2343 3944 Homines
2362 3926 2406 3945 ce.

1280 3956 1346 3985 teris
1356 3955 1386 3983 in
1396 3954 1478 3984 rebus
1489 3954 1606 3991 frugales
1616 3953 1687 3989 esse,
1708 3955 1782 3983 circa
1801 3960 1930 3983 ornatum
1944 3962 2038 3983 aurem
2058 3952 2190 3982 curiosos.
2232 3954 2298 3982 Hac
2318 3955 2405 3984 strab.

1281 3993 1332 4023 lib.
1349 4002 1390 4027 ις.
1413 3992 1460 4021 ubi
1471 3992 1608 4030 prolixius
1627 3994 1653 4021 Sc
1672 3991 1726 4022 alia
1738 4014 1747 4028 ,
1768 4002 1828 4029 quae
1837 3992 1872 4021 ad
1881 4002 1990 4028 mores,
2016 3993 2194 4027 institutaque
2212 3992 2270 4026 ejus
2286 3991 2409 4021 nationis

1281 4031 1442 4069 pertinent,
1461 4029 1644 4068 persequitur.
2266 4066 2288 4095 C

2300 4076 2411 4097 ATHE-
