2600 4177
455 119 479 154 A
571 119 590 154 S
683 119 703 153 S

59 204 192 237 Assumerc
207 203 269 235 sihi.
289 204 314 232 Sc
324 201 472 230 Detrahere
483 200 577 235 alteri,
598 201 744 230 contraria.
771 201 829 231 Cic.
840 211 864 238 3.
878 201 935 231 Oss.
949 213 992 240 23.
1015 205 1048 234 Et
1060 205 1088 234 id
1100 206 1176 242 quod

79 242 153 271 alteri
166 242 314 269 deira-<ciat
327 262 333 270 ,
358 240 403 267 sibi
417 239 539 267 assumat.

60 279 212 311 Assuiiiere.
235 289 283 315 pro
296 278 391 307 Elitare
404 278 429 305 st
440 276 533 305 cibum
545 275 658 304 sumere.
684 275 843 311 Celsus,l.1.
859 287 912 313 c.3.
935 279 1074 314 jux-enum
1083 280 1176 312 minus

77 317 187 345 interest
197 326 255 344 ouse
266 315 414 345 adiuuant.
436 316 460 342 ἃ
476 313 627 349 quomodo
638 321 777 343 curentur.

45 350 47 355 ¹
63 346 292 384 Asiumere'stmcl
304 353 350 381 die
363 350 466 382 cibum.
479 352 515 379 est
524 350 615 379 Semel
626 351 653 378 in
664 352 710 379 die
720 352 876 381 comedere.
899 352 966 382 Cels
982 354 1028 382 lib.
1045 363 1135 392 1-cap.
1149 364 1172 391 3.

62 392 193 421 Cibum&
207 390 359 427 potionem.
382 389 450 417 Cels.
464 388 510 417 lib.
527 398 549 417 1.
563 388 718 425 inprooem.

26 431 111 462 Asso
123 439 141 455 Μ
152 438 165 455 i›
175 438 193 455 ϊ
203 438 219 456 υ
229 438 240 456 s
253 449 260 462 ,
283 426 378 455 partic.
401 437 430 455 ur
442 448 449 460 ,
476 425 612 462 Assumpta
624 424 690 462 lyra.
712 425 795 455 Ovid.
807 435 830 461 3.
845 427 880 456 de
890 428 950 457 Arte
962 428 1019 457 Am.
1035 438 1095 464 142.

60 465 231 499 Extrinsecus
243 464 354 493 auxiliis
364 463 506 500 assumptis
518 463 619 492 factum
636 463 716 504 tueri.
740 463 858 500 Quintil.
875 465 922 493 lib.
937 475 961 502 7.
977 476 1037 503 cap.
1051 478 1075 502 ς.

61 504 178 535 Ratione
188 502 396 536 argumentandi
410 511 425 530 a
436 501 742 537 Dialesticisasluinpta.

63 541 93 573 In
104 541 157 570 hoc
165 539 297 577 assumpta
307 549 322 568 a
332 539 412 567 nobis
426 538 573 572 subtilitas,
587 540 637 567 &o
661 537 778 574 Quintil.
797 540 843 568 lib.
859 549 881 575 3.
893 550 952 577 cap.
969 551 978 569 1
988 551 1009 569 i.

65 574 169 609 Viribus
182 578 322 615 assumptis
331 577 416 614 pleno
426 577 482 611 jam
495 576 573 605 alveo
588 577 657 605 fluit.
682 577 801 612 Quintil.
814 577 860 605 lib.
872 586 897 606 2.
910 588 970 615 cap.
988 588 1009 607 1.

28 619 238 649 Asstimprio
252 637 259 649 ⁷
287 615 357 643 (inis.
384 614 404 642 f.
438 612 630 649 Γωεέινλκψις]
653 615 792 651 Acceptio.
833 615 889 644 Cic.
906 625 928 649 3.
952 616 987 645 de
1004 616 1063 645 Fin.
1105 615 1181 645 Artes

63 655 144 684 etiam
161 652 228 689 ipsas
242 659 354 690 propter
365 651 392 682 se
408 646 581 681 assumendas
596 658 743 689 putamus,
764 659 824 681 tum
846 653 909 689 quia
925 654 996 682 sitin
1013 654 1055 683 his
1074 653 1181 690 aliquid

63 693 178 728 dignum
190 690 391 727 assumptione,
409 696 469 718 tum
481 711 488 724 ,
502 691 553 718 &c

63 728 216 766 Assumptio
232 750 239 762 ,
262 727 395 757 Particula
409 727 541 756 orationis
561 728 612 761 (ut
622 727 660 756 ait
671 726 728 756 Cic.
747 736 767 755 i.
780 726 814 755 de
826 726 931 757 Invenr.
948 729 1013 764 17.)
1034 739 1083 767 per
1098 738 1181 766 quam

85 767 115 797 id
127 767 202 801 quod
214 775 248 795 ex
257 765 446 803 propositione
458 765 493 793 ad
504 765 704 794 ostendendum
720 765 857 802 pertinet,
883 766 1031 796 assumitur.
1063 767 1143 796 Idem
1154 777 1181 796 2·.

81 805 116 834 de
128 803 219 834 Diviu.
233 809 292 837 108.
333 803 393 838 Jam
405 801 589 839 assumptione
601 812 657 831 non
668 802 807 836 concessa,
830 803 905 832 nulla
919 804 1058 833 conclusio
1075 805 1121 833 est.

63 841 281 878 Alsumptionem
296 842 322 870 St
335 840 508 878 Assumptum
525 840 668 870 Dialectici
686 846 786 869 vocant
804 840 919 870 Primam
937 849 1042 879 partem
1063 841 1183 879 syllogis-

85 880 122 909 mi
134 879 308 917 imperfecli:
331 888 433 915 nempe
445 888 530 915 quum
545 879 612 907 duas
628 884 736 907 tantum
754 877 837 907 habet
854 887 944 916 partes
959 902 966 914 ,
985 882 1011 910 δε
1030 880 1068 909 est
1085 881 1183 916 enthy-

82 925 174 947 mema
183 917 344 946 oratorium.
385 916 504 953 Quintil.
528 916 668 945 Minorem
680 916 898 953 propositionem
916 922 997 946 vocat
1013 917 1160 955 syllogismi
1174 932 1182 954 3

83 954 130 985 lib.
143 965 166 990 ς.
183 965 243 992 cap.
256 954 306 984 ult.
344 954 412 983 sicut
423 953 640 991 propositionem
654 953 766 991 usurpat
776 963 826 991 pro
836 953 952 988 Maiore.

14 995 15 998 ’
31 993 73 1024 As
83 1003 94 1023 s
104 1002 174 1022 υΜΡ
184 995 248 1021 'riv
258 1002 312 1027 us,
335 992 394 1027 Adj.
415 992 502 1028 Quod
512 991 628 1021 assumit.
669 991 727 1020 Cic.
743 1001 766 1020 1.
780 992 815 1020 de
830 991 937 1021 invent.
955 1003 994 1028 ις.
1017 993 1186 1032 Assumptiva

65 1030 225 1061 constitutio
236 1031 274 1059 est
285 1053 293 1065 ,
317 1040 377 1067 quse
388 1029 444 1066 ipsa
454 1039 489 1058 ex
497 1029 523 1058 se
536 1030 605 1059 nthl
617 1029 688 1058 firmi
705 1030 751 1058 dat
763 1030 1016 1073 adfrecusationem
1025 1053 1032 1066 ,
1054 1032 1120 1061 foris
1140 1042 1186 1060 auss

65 1075 122 1099 tem
136 1067 242 1105 aliquid
254 1067 420 1097 defensionis
433 1066 550 1096 assumit.
580 1068 690 1098 Graecos
701 1068 757 1098 ’tm'
773 1067 878 1100 ἀνάθεστν
894 1078 992 1097 vocare
1002 1070 1087 1099 docet
1097 1069 1186 1106 Quin..

65 1107 107 1136 til.
117 1106 135 1136 l.
147 1115 171 1142 7.
183 1116 207 1136 c.
223 1117 248 1141 4.
291 1106 344 1135 Etsi
362 1104 467 1134 variant
479 1105 566 1135 codd:
604 1105 635 1134 V.
657 1105 748 1134 Burm.
762 1112 821 1134 not.
840 1116 866 1143 p.
881 1109 943 1142 625.
986 1107 1074 1145 Vulgo
1092 1107 1186 1137 Status

65 1144 232 1181 juridicialis
244 1143 438 1181 Assumptivus.

31 1180 92 1214 [ss
102 1193 118 1211 u
127 1192 145 1211 0
155 1204 162 1217 ‚
177 1183 206 1211 ui
215 1204 224 1217 ‚
250 1186 329 1211 utum
341 1203 349 1217 ,
370 1180 569 1217 [ωσρρέπἹω]
590 1180 644 1210 ere.
684 1179 799 1210 Suendo
807 1183 962 1212 annessere.
1003 1183 1071 1213 Hor.
1083 1184 1113 1212 in
1124 1183 1186 1213 Arte

66 1221 139 1250 Poet.
159 1225 199 1249 16.

142 1258 294 1295 Purpereus
304 1256 358 1286 late
374 1256 421 1294 qui
432 1255 576 1294 splendeat
587 1265 659 1285 unus
669 1257 695 1286 ἃ
708 1255 776 1285 alter
784 1278 793 1292 ‚

142 1295 261 1325 Asl'uitur
282 1304 401 1333 pannus.
610 1331 615 1336 ·

31 1334 72 1365 As
81 1343 148 1363 sum
158 1344 171 1362 r.
182 1343 203 1362 N
213 1343 231 1362 ’r
240 1344 257 1362 υ
267 1345 287 1361 M
297 1356 305 1368 ,
328 1334 345 1362 i.
367 1330 547 1368 [ἐπῖβληκᾳ]
567 1331 644 1368 Vulg.
665 1331 767 1369 lnterp.
786 1332 873 1362 Marc.
884 1342 909 1362 2.
921 1342 966 1363 21.

31 1373 90 1402 Ass
101 1381 120 1400 υ
130 1381 145 1400 Β
157 1382 175 1400 A
190 1394 198 1404 ,
221 1371 365 1400 Assiduitas
377 1369 415 1400 est
429 1371 455 1400 Sc
465 1369 608 1406 diligentia
626 1370 655 1397 in
674 1370 841 1399 nutricando
853 1393 860 1404 .
883 1372 1023 1407 curando.
1045 1371 1186 1403 habendo.

67 1409 140 1440 Nam
149 1409 214 1439 Assae
227 1410 354 1439 Nutrices
363 1409 494 1437 dicuntur
506 1430 514 1442 ,
536 1407 611 1444 quod
626 1407 682 1436 fere
693 1407 800 1446 semper
814 1408 903 1438 assunt
913 1410 945 1438 iis
960 1420 1029 1447 quos
1048 1412 1184 1441 nutriunt.

68 1447 113 1477 Sic
133 1447 209 1483 Aisa,
230 1456 285 1476 vox
295 1447 417 1476 humana
429 1446 484 1480 est,
506 1455 564 1474 non
576 1446 704 1482 organica
721 1468 728 1480 ,
751 1447 828 1483 quod
844 1456 875 1475 eii
894 1448 973 1476 nobis
985 1448 1092 1486 semper
1105 1449 1165 1479 assit
1177 1470 1186 1485 ‚

69 1485 302 1522 nonutorganica
313 1507 321 1519 ,
342 1494 402 1522 quae
416 1494 473 1513 non
483 1484 521 1513 est
541 1483 623 1512 nobis
641 1483 748 1521 semper
765 1484 870 1521 praesto.
894 1485 966 1514 Varr.
986 1496 1046 1524 cap.
1060 1487 1096 1515 de
1106 1487 1190 1516 Galli.

71 1523 114 1552 nis
124 1545 131 1557 ,
156 1524 239 1552 Axius
251 1545 258 1558 ,
283 1533 390 1560 egoque
398 1521 506 1559 requiro
516 1544 524 1557 ,
544 1521 668 1558 sarsurae,
688 1521 782 1550 assurae
792 1522 916 1552 membra
924 1524 959 1552 de
974 1524 1114 1561 palumbis
1124 1547 1131 1560 ,
1153 1526 1189 1555 de

73 1560 181 1598 gallinis
191 1583 199 1597 ,
221 1561 266 1590 dic
277 1562 356 1590 sodes
368 1560 484 1590 Merula.
526 1559 654 1596 Quorum
663 1559 808 1588 verborum
816 1560 861 1589 hic
871 1560 960 1591 sensus
969 1562 1007 1590 est
1019 1585 1026 1597 ,
1047 1562 1099 1592 Dic
1109 1562 1189 1593 sodes

30 1600 32 1602 ’
68 1598 177 1629 Merula
188 1599 223 1628 de
235 1599 373 1637 palumbis
382 1600 407 1628 ἃ
418 1607 434 1635 g
452 1597 526 1626 llinis
537 1596 659 1626 membra
670 1596 715 1626 illa
733 1599 759 1627 &
771 1607 862 1635 partes
874 1609 940 1636 quas
958 1601 1066 1637 requiro
1077 1623 1085 1637 ,
1106 1600 1190 1631 sarsu-

23 1644 26 1660 ¹
67 1646 119 1672 rat,
140 1636 239 1667 alsurae.
281 1637 314 1666 V.
347 1637 442 1666 Turne
465 1659 471 1665 .
486 1636 552 1664 Adv.
567 1645 610 1671 24.
625 1645 669 1664 22.
688 1634 802 1673 &supra
819 1646 916 1666 Assa.

29 1672 91 1706 Ass
101 1685 119 1704 u
128 1685 143 1704 a
152 1685 170 1704 G
179 1685 196 1704 o
205 1697 213 1710 ,
243 1676 314 1705 rrexi
323 1697 331 1710 ,
368 1675 488 1704 rreelum
503 1695 510 1707 ,
539 1673 728 1709 [σξοπιιίςκμι
740 1695 748 1708 ‚
779 1676 995 1711 πςοπγέξοκκι]

764 502 882 538 Quintil.
896 502 939 530 lib.
955 513 979 532 2.
997 513 1056 542 cap.
1069 514 1097 540 4.

1027 1677 1082 1706 ὅτε.
1122 1677 1190 1707 Fere

70 1713 144 1742 idem
155 1713 230 1750 quod
241 1714 364 1750 Surgere.
407 1712 464 1741 Cic.
480 1721 530 1749 pro
542 1710 652 1740 Cluent.
676 1711 746 1748 Quae
758 1711 825 1741 dum
840 1712 962 1742 laudatio
976 1715 1106 1744 recitatur
1116 1737 1124 1749 ,
1141 1725 1191 1745 vos

38 1767 42 1771 ψ
70 1751 159 1788 quaeso
167 1752 214 1788 qui
226 1761 285 1780 eam
296 1750 427 1780 detulistis
437 1768 446 1786 ⁵
470 1748 605 1786 assurgite.

71 1788 211 1827 Assurgere
221 1799 256 1818 ex
266 1789 373 1818 morbo.
388 1788 461 1823 Liv.3
470 1797 524 1822 .2.⁴..
537 1787 576 1816 Ex
586 1797 641 1824 quo
648 1785 732 1816 semel
743 1787 827 1816 fuerit
838 1797 916 1825 aeger,
928 1799 1049 1826 unquam
1065 1800 1123 1820 non
1131 1800 1192 1820 moe

40 1845 42 1852 ι
89 1826 126 1856 do
137 1827 223 1857 visum
233 1829 261 1856 in
271 1826 385 1865 publico
404 1848 412 1860 ,
432 1824 478 1855 sed
488 1835 522 1854 ne
537 1824 705 1854 assurrexisse
716 1826 828 1862 quidem
839 1835 873 1854 ex
886 1827 992 1856 morbo.

72 1864 114 1895 Ex
124 1865 308 1902 voraginibus.
350 1864 406 1893 Liv.
428 1862 499 1893 Galli
515 1873 606 1900 neque
616 1862 746 1892 sustinere
757 1862 783 1892 se
794 1863 913 1902 prolapsi
927 1886 934 1900 ‚
957 1875 1047 1902 neque
1057 1865 1192 1904 assurgere

90 1912 125 1932 ex
137 1903 312 1941 voraginibus
321 1908 459 1940 poterant.

71 1938 208 1971 Mollibus
219 1941 430 1979 assurgitstratis.
454 1938 550 1969 Claud.
568 1938 595 1967 in
610 1939 697 1976 Nupt.
708 1938 809 1968 Pallad.
823 1939 850 1969 ἃ
861 1939 1003 1976 Seren.29.
1023 1941 1065 1970 De
1076 1941 1191 1974 Venere.

72 1978 218 2016 Assurgunt
231 1979 287 2007 sani
298 1986 329 2008 ut
337 1979 422 2014 stent,
447 1984 534 2013 antiit
543 1976 654 2005 obviam
665 1984 746 2006 eant:
768 1976 908 2014 assurgunt
922 1979 1192 2016 aegrotiutsedeant‚

91 2023 137 2046 aut
146 2026 175 2046 ut
185 2017 456 2046 cubitoinnitantur:
479 2021 596 2052 utroque
605 2015 731 2043 modoin
752 2014 864 2044 alterius
881 2016 1018 2046 honorem
1039 2024 1085 2046 aut
1107 2019 1193 2048 officii

91 2061 138 2084 aut
147 2055 347 2084 benevolentiae
357 2054 434 2084 causa
444 2054 499 2083 hoc
508 2058 629 2090 agentes.
673 2052 796 2090 Ideoque
814 2053 871 2083 fere
893 2054 1053 2092 adjungitur
1071 2056 1190 2088 dativus.

91 2092 157 2122 Haec
169 2092 299 2122 Vallalib.
314 2104 335 2128 ς.
359 2092 431 2130 Virg.
447 2096 472 2121 6.
495 2091 551 2120 Ecl.
564 2095 608 2120 66.
734 2128 740 2134 .

169 2130 259 2168 thue
277 2131 335 2160 viro
357 2130 452 2160 Phoebi
465 2130 565 2159 chorus
582 2128 754 2158 assurrexerit
771 2129 872 2159 omnis.
984 2130 1038 2160 Ubi
1058 2131 1188 2169 Servius,

90 2167 268 2199 Assurrexerit
285 2191 293 2204 ‚
317 2169 459 2198 Honorem
471 2168 626 2206 praebuerit.
649 2166 707 2196 Cic.
721 2167 749 2195 in
762 2166 851 2196 Pison.
877 2167 917 2197 An
928 2177 993 2197 vero
1005 2168 1112 2206 reliquo
1122 2178 1192 2200 tem-

89 2216 158 2244 pore
169 2207 316 2236 Consulem
328 2214 354 2236 te
364 2206 505 2244 quisquam
514 2204 616 2234 duxit?
637 2204 780 2241 quisquam
791 2205 843 2234 tibi
853 2206 966 2243 paruit?
984 2206 1128 2245 quisquam
1139 2209 1192 2238 tibi

93 2245 121 2274 in
133 2246 235 2274 curiam
247 2246 371 2275 venienti
382 2244 532 2274 assurrexit.
553 2243 634 2272 Conf.
648 2252 715 2271 mox
728 2242 831 2281 Assurgi
852 2245 878 2273 ἃ
893 2243 1076 2274 Assurret‘ium
1087 2247 1134 2277 est.

74 2282 181 2312 Honori
194 2283 309 2319 alicujus
325 2283 466 2321 assurgere.
485 2283 552 2311 Stat.
564 2291 591 2310 2.
606 2280 696 2310 Theb.
712 2283 760 2324 ,⁶0-
775 2319 780 2324 ι

75 2319 212 2359 Assurgere
222 2323 250 2350 in
262 2321 395 2350 arborem
416 2321 434 2350 i.
447 2330 471 2349 e.
493 2319 619 2349 Crescere
630 2319 658 2347 in
671 2317 849 2347 altitudinem
857 2319 970 2349 arboris.
1010 2320 1080 2351 Plin.
1091 2320 1189 2359 lib.24.

91 2368 150 2397 cap.
162 2371 188 2394 4.
211 2359 301 2395 Major
312 2382 320 2394 ,
342 2360 371 2388 iri
381 2359 522 2392 arborem,
543 2357 632 2386 salicis
643 2357 728 2385 modo
743 2356 861 2393 assurgit.

75 2395 188 2435 Assurgit
197 2409 212 2426 L
224 2397 347 2427 millibus
359 2396 484 2435 passuum
493 2393 929 2432 mons.Plin.lib.2.cap.65.Mihi
942 2396 1046 2426 incerta
1059 2396 1119 2428 haec
1127 2407 1194 2428 con-

91 2435 203 2471 jedlatio
214 2436 331 2468 videtur,
343 2436 417 2464 haud
426 2435 521 2471 ignaro
530 2433 663 2470 quosdam
673 2432 783 2471 Alpium
795 2434 910 2463 vertices
921 2433 1006 2472 lengo
1020 2437 1119 2472 traftu,
1140 2447 1194 2466 nec

94 2473 217 2502 breviore
233 2485 249 2502 L
270 2473 392 2503 millibus
408 2471 533 2510 passuum
547 2470 689 2514 assurgere.
819 2509 823 2514 ι

76 2510 191 2548 Assurgit
204 2512 231 2540 in
243 2511 349 2549 septem
362 2511 441 2540 ulnas
453 2531 460 2545 ‚
484 2512 509 2539 &
522 2510 550 2537 in
561 2509 747 2538 altitudinem.
792 2508 864 2546 Virg.
876 2518 899 2545 3.
922 2510 1021 2547 Georg.
1035 2518 1098 2547 355.
1140 2512 1195 2542 Ubi

74 2551 79 2553 ’
93 2549 218 2585 Servius,
236 2550 347 2587 Septem
358 2549 467 2586 assurgit
480 2547 509 2576 in
521 2547 599 2576 ulnas
611 2569 618 2581 ,
641 2546 745 2575 Crescit
756 2547 784 2575 in
793 2546 898 2585 septem
910 2548 998 2577 ulnas.
1012 2548 1080 2579 Plin.
1094 2549 1193 2586 lib.13.

44 2582 45 2585 ¹
95 2593 208 2631 cap.22.
253 2587 314 2617 Duo
333 2586 426 2617 ferulae
441 2595 556 2623 genera:
580 2585 710 2614 nartheca
723 2585 810 2628 Graeci
825 2592 946 2622 vocant,
967 2585 1150 2625 assurgentem
1165 2589 1196 2618 in

95 2624 268 2654 altitudinem
280 2635 287 2653 t
309 2625 478 2654 nartheciam
490 2633 554 2652 vero
563 2623 670 2661 semper
681 2623 825 2652 humilem.

59 2661 287 2700 'Assurgitinsula
297 2670 401 2692 monte.
424 2663 491 2691 Plin.
506 2661 554 2690 lib.
568 2673 594 2697 4.
613 2671 672 2698 cap.
691 2671 731 2690 12.

77 2700 162 2730 Collis
171 2700 317 2738 assurgens.
359 2699 498 2731 Columel.
507 2700 555 2729 lib.
566 2708 591 2728 2.
603 2709 663 2736 cap.
675 2708 700 2728 2.
723 2698 833 2728 Collem
852 2698 1005 2730 clementer
1027 2702 1054 2731 δε
1072 2701 1196 2732 molliter

93 2738 162 2767 asliir
181 2747 283 2768 entem.

77 2749 335 2814 Turresaffurgunt.
358 2777 375 2805 i.
391 2786 416 2805 e.
438 2776 618 2805 Extruuntur.
640 2774 713 2812 Virg.
724 2786 750 2810 4.
767 2774 880 2809 ffin.86.

76 2813 307 2852 Tumorassurgit.
347 2813 416 2844 Cels.
429 2814 477 2842 lib.
490 2824 516 2842 2.
528 2823 587 2850 cap.
602 2818 628 2846 8.

95 2862 185 2882 mores
196 2853 323 2882 oriuntur
333 2875 341 2889 ,
366 2851 469 2881 deinde
480 2850 622 2885 desinunt,
645 2851 748 2879 deinde
757 2850 845 2880 rursus
858 2848 1005 2892 assurgunt.

76 2891 190 2920 Animus
200 2890 317 2928 assurgit.
359 2889 479 2927 Quintil.
491 2889 538 2918 lib.
555 2899 577 2918 1.
592 2898 652 2926 cap.
665 2888 700 2917 de
710 2888 831 2917 leist-ione
845 2891 923 2927 pueri
937 2912 944 2923 ,
966 2890 1079 2920 interim
1092 2893 1117 2921 Sc
1135 2891 1196 2921 sub-

94 2927 210 2958 limitate
219 2929 324 2958 heroici
334 2928 463 2958 carminis
475 2928 584 2956 animus
593 2927 709 2963 assurgat
718 2948 725 2962 ‚
751 2927 821 2956 &ex
833 2928 1025 2965 magnitudine
1041 2939 1133 2959 rerum
1143 2930 1197 2968 spi.

59 2971 71 2981 ²
95 2966 178 2995 ritum
186 2967 278 2996 ducat.

78 3003 216 3042 Assurgere
224 3006 326 3034 animo.
349 3003 417 3033 Stat.
432 3010 474 3033 10.
489 3000 581 3032 Theb.
592 3011 655 3032 221.

155 3043 265 3072 Gaudet
273 3043 302 3071 in
313 3041 429 3071 adversis
438 3064 445 3077 ,
467 3041 616 3078 animoque
627 3040 737 3079 assurgit
747 3040 881 3071 Adrastus.

0 3070 9 3083 ⁹
40 3098 42 3100 v
77 3075 278 3119 Iraeassurgunt.
300 3080 372 3118 Virg.
389 3089 428 3122 ¹.²·
444 3079 504 3109 AEn.
521 3089 585 3114 494.

77 3117 205 3154 Qierelis
215 3116 356 3156 assurgere.
382 3117 454 3155 Virg.
470 3127 511 3146 10.
524 3117 585 3147 ΖΕΗ.
596 3127 641 3152 ος.

77 3155 213 3193 Alsurgere
223 3157 324 3185 dicitur
335 3156 434 3185 Orion.
458 3155 528 3192 Virg.
543 3165 566 3184 1.
582 3153 643 3184 ΖΕΗ.
658 3163 686 3191 53
696 3165 719 3189 ς.
905 3191 911 3196 ·
1039 3192 1044 3198 ν

76 3193 213 3232 Assurgere
223 3194 326 3223 dicitur
334 3194 433 3223 Orator
443 3193 488 3223 vel
498 3193 587 3225 Poeta.
606 3193 652 3230 qui
666 3191 818 3222 sublimiter
834 3188 968 3229 loquitur,
980 3196 1011 3222 ut
1020 3198 1058 3222 ait
1066 3192 1193 3224 Budaeus.

96 3231 214 3268 Quintil.
232 3232 280 3261 lib.
294 3242 336 3262 10.
346 3241 407 3269 cap.
423 3241 446 3261 1.
478 3231 549 3260 Raro
559 3230 668 3267 assurgit
680 3230 823 3260 Hesiodus.

78 3269 180 3307 Assurgi
192 3291 199 3305 ,
221 3269 373 3307 passivum,
394 3269 447 3298 {ive
457 3267 647 3307 impersonale.
688 3268 746 3298 Cic.
763 3268 798 3297 de
807 3268 913 3297 Seneu.
927 3270 971 3296 62.
993 3268 1061 3297 Haec
1070 3269 1197 3307 enimip-

97 3307 194 3337 sasunt
205 3307 378 3337 honorabilia
388 3329 396 3342 ,
417 3317 477 3345 quae
486 3307 617 3336 videntur
627 3306 699 3336 levia
707 3313 790 3343 atque
800 3306 960 3349 communia
969 3327 977 3341 ‚
997 3305 1105 3336 salutari
1116 3329 1132 3350 ,Ι
1149 3317 1197 3351 ap-

96 3346 171 3382 peti,
188 3346 306 3380 decedi,
328 3345 442 3382 assurgi,
464 3345 576 3380 deduci,
587 3345 694 3380 reduci,
705 3343 821 3373 consuli.
837 3343 885 3372 ubi
895 3343 1010 3373 subaud.
1023 3345 1077 3374 dat.
1092 3345 1191 3375 Alicui.

78 3379 260 3413 Assurrestum
271 3384 325 3417 est,
347 3385 373 3413 ἃ
385 3383 535 3420 assurgitur.
575 3382 650 3412 Suet.
668 3385 732 3419 Aug.
746 3392 806 3419 cap.
820 3387 863 3414 5⁶.
890 3381 1016 3424 *Eisdem
1026 3385 1195 3420 praetextatis

96 3421 186 3450 adhuc
195 3421 374 3451 assurrec‘lum
387 3421 420 3450 ab
429 3420 563 3451 universis
572 3420 601 3449 in
612 3421 719 3450 theatro
728 3442 737 3456 ,
757 3421 783 3450 &
793 3430 808 3449 a
817 3419 949 3448 stantibus
964 3419 1089 3457 plausum
1100 3421 1197 3458 gravis-

4 3467 10 3483 ,·
98 3458 163 3488 sime
195 3460 284 3490 aestus
295 3460 342 3489 est.

0 3505 11 3515 *¹
46 3492 109 3528 Ass
119 3507 136 3525 u
145 3469 340 3533 s‚q[''Aoe(&2]
361 3494 432 3526 Urbs
443 3495 605 3526 estTroadis
614 3518 621 3530 ,
641 3495 708 3525 teste
720 3494 808 3525 Strab.
826 3493 874 3523 lib.
889 3502 931 3530 13.
953 3495 980 3524 ἅ
996 3500 1093 3524 natura
1103 3497 1130 3525 ἅν
1139 3502 1197 3526 arte

0 3541 8 3556 r.
81 3535 186 3564 munita
198 3535 232 3565 ab
242 3545 274 3564 ea
291 3542 368 3573 parte
384 3544 437 3572 qua
449 3544 523 3564 mare
537 3534 665 3572 specht„
678 3534 795 3563 arduum
810 3534 836 3562 Sc
853 3533 976 3576 ere-cium
993 3532 1132 3577 ascensum
1150 3535 1196 3564 ha-

2 3593 7 3596 -
79 3572 162 3603 bens:
183 3573 260 3603 unde
281 3574 369 3603 fastus
385 3572 424 3601 est
437 3571 515 3601 locus
530 3571 719 3609 vulgatissimae
730 3571 771 3600 illi
789 3571 936 3600 stratonici
956 3569 1116 3607 sententiae,
1137 3572 1196 3609 Qui

2 3620 12 3625 ··
51 3642 53 3646 .
76 3610 162 3640 celeri
172 3610 246 3648 passu
255 3611 390 3645 Assumit,
412 3620 542 3647 magnum
554 3610 615 3639 vitae
627 3609 783 3648 periculum
799 3608 870 3651 adit..
907 3608 986 3637 Circa
1005 3608 1077 3638 hanc
1095 3609 1194 3641 urbem

3 3668 6 3674 ·
80 3648 266 3687 sarcophagus
277 3650 367 3678 dic‘tus
376 3648 446 3686 lapis
455 3647 655 3682 effodiebatur,
677 3648 712 3677 de
725 3657 779 3685 quo
809 3646 840 3674 V.
862 3655 892 3674 in
910 3656 1026 3675 Asius.

0 3702 13 3709 w
45 3685 170 3722 Assos,
189 3697 222 3721 a,
242 3697 298 3716 um.
321 3682 437 3723 [bursis]
457 3686 491 3714 ab
508 3687 595 3719 Areo.
616 3695 693 3719 ares;
715 3685 760 3714 vel
782 3684 889 3718 Ardeo,
917 3683 1010 3712 ardes:
1050 3683 1077 3712 h.
1092 3695 1117 3715 e.
1154 3686 1195 3715 Ad

4 3731 12 3738 ¹·
81 3724 173 3761 ignem
189 3722 358 3754 torres-astus.
400 3723 486 3752 Plaut.
504 3723 587 3753 Most.
604 3734 628 3759 5.
647 3733 670 3752 1.
683 3727 728 3752 66.
751 3722 794 3752 Ne
810 3721 897 3750 faxis:
925 3731 989 3750 nam
1011 3720 1100 3752 elixus
1121 3723 1194 3758 esse,

82 3771 162 3798 quam
172 3761 240 3791 assus
248 3760 322 3791 soleo
331 3761 445 3791 suavior.
461 3761 519 3791 Cic.
534 3772 559 3796 9.
582 3761 656 3790 Fam.
670 3771 714 3790 20.
754 3761 892 3802 Integram
904 3759 1006 3788 famem
1017 3759 1053 3788 ad
1064 3769 1149 3790 ovum
1158 3762 1197 3791 af-

81 3799 153 3829 fero:
175 3800 266 3836 itaque
276 3799 359 3836 usque
369 3799 403 3828 ad
415 3798 499 3828 assum
510 3799 659 3829 vitulinum
673 3809 756 3836 opera
768 3798 937 3835 perducitur.

81 3836 261 3867 Affaezeiixa.
300 3837 370 3867 Cels.
381 3836 429 3865 lib.
440 3846 465 3874 7.
477 3846 572 3876 cap.3.
594 3836 806 3866 Transeundum
823 3834 957 3873 paulatim
973 3834 1008 3864 ad
1029 3834 1082 3864 assa
1099 3836 1133 3866 ab
1149 3837 1198 3867 eli-

100 3875 150 3905 xis.
174 3875 240 3904 Hor.
253 3885 277 3904 2.
292 3875 377 3905 Serm.
391 3885 415 3904 2.
430 3884 475 3912 73.
575 3891 612 3895 —
623 3881 651 3904 at
662 3874 740 3903 simul
750 3873 811 3903 assis

162 3912 302 3942 miscueris
312 3913 392 3942 elixa.

83 3949 141 3981 Assa
149 3951 178 3980 in
186 3950 339 3981 balneariis.
380 3951 450 3981 ltem
462 3949 554 3985 Assus,
573 3949 669 3981 Solus:
692 3954 724 3980 ut
735 3947 793 3979 Assa
805 3956 870 3978 vox.
911 3945 941 3976 V.
964 3956 1063 3978 Asu.

652 2812 822 2849 Quibusdam
837 2814 920 2842 etiam
937 2813 965 2842 in
976 2813 1030 2844 lioc
1042 2815 1141 2845 morbo
1150 2822 1198 2846 tu-

1675 134 1947 173 Asr
2315 161 2384 194 239

1268 207 1336 237 Item
1348 209 1459 252 Siccus:
1482 217 1512 241 ut
1526 213 1579 243 Affi
1597 214 1704 252 lapides
1718 237 1726 249 ,
1749 214 1805 252 Qui
1816 218 1894 247 nullo
1905 220 2029 249 arenario
2041 223 2223 259 conglutinati
2236 226 2304 256 suxit.
2329 230 2386 259 iiiiii

1287 254 1395 287 nutrix,
1418 250 1488 285 Quae
1500 250 1541 280 lac
1551 262 1606 281 non
1620 253 1724 290 praestat
1736 254 1895 284 infantibus.
1936 257 1964 285 V.
1988 267 2007 286 A
2017 268 2028 286 s
2038 269 2049 287 s
2061 270 2077 287 υ
2088 271 2102 288 a
2113 272 2128 289 a
2151 266 2176 291 ἐς
2194 274 2210 292 A
2221 273 2232 291 s
2242 274 2252 291 r.
2265 275 2290 293 A.

1269 283 1344 312 Alius
1354 285 1400 314 sol.
1442 288 1499 316 Cic.
1514 299 1554 317 12.
1570 291 1622 319 Att.
1634 294 1659 319 6.
1685 291 1773 328 Etpro
1785 293 1833 321 isto
1843 293 1896 321 asso
1908 292 1981 329 sole,
1999 306 2053 331 quo
2069 304 2098 326 tu
2110 299 2207 328 abusu<
2219 311 2245 329 es
2259 302 2285 329 in
2296 305 2387 331 nolim

1289 322 1396 356 pratulo
1411 345 1418 356 ,
1440 334 1454 352 a
1467 331 1495 353 te
1510 326 1629 356 nitidum
1641 328 1726 356 solem
1741 331 1910 367 tinstumque
1924 340 2088 369 repetemus.
2130 337 2224 366 Solem
2244 340 2328 368 nilum
2342 351 2389 367 vo-

1290 366 1351 401 ρξε’,
1373 360 1464 395 Quem
1476 371 1623 393 coenanon
1636 365 1778 402 sequatur,
1801 368 1872 405 quasi
1884 369 1947 397 Sine
1957 369 2057 404 succe,
2079 374 2385 411 utoplbnias'untaslii:

1289 394 1517 442 N¹t¹d¹lnl²l²¹tel⁷³
1529 403 1554 430 ἃ
1566 404 1680 431 unitum
1693 425 1700 437 ,
1723 404 1853 440 Quicum
1869 407 1997 436 coenari-c.
2038 408 2181 440 Sensusest
2193 434 2201 447 ,
2228 412 2309 441 Domi
2321 425 2388 444 metr

1292 431 1358 461 dum
1375 435 1464 476 suisli,
1486 447 1514 465 in
1535 438 1590 468 sole
1612 450 1661 477 per
1682 441 1819 478 pratulum
1834 444 1909 480 quod
1923 444 2020 474 domui
2040 446 2165 483 adjacet,
2187 449 2364 481 inambulans
2378 476 2387 489 ,

1292 478 1391 505 praeter
1402 474 1501 502 siccum
1514 475 1597 505 solem
1612 478 1680 506 nihil
1696 479 1830 509 habuisti:
1856 489 1883 510 at
1892 491 1943 518 ego
1963 492 2026 512 cum
2041 485 2074 512 ad
2091 491 2117 514 te
2131 487 2245 516 domum
2258 492 2366 519 veniam
2380 514 2388 526 ,

1290 515 1347 535 non
1357 507 1411 537 sole
1423 516 1528 540 tantum
1540 521 1688 544 contentus
1697 526 1744 545 ero
1757 539 1764 551 .
1787 527 1843 546 non
1854 519 1922 547 mihi
1936 519 1998 550 satis
2013 522 2065 550 erit
2078 523 2106 551 in
2125 523 2181 553 sole
2198 525 2369 556 inambulare

1291 543 1337 573 sed
1350 554 1458 575 coenani
1470 549 1552 578 ctiam
1565 561 1628 580 cum
1643 552 1698 581 solc
1707 555 1823 590 exigam.
2378 550 2387 563 ³

1236 583 1257 612 Α
1268 592 1278 609 s
1289 591 1300 609 s
1313 590 1329 608 Λ
1342 592 1356 610 a
1368 592 1375 610 1
1388 592 1404 611 u
1415 593 1426 612 s
1438 605 1445 618 ,
1469 586 1528 622 Adj.
1551 587 1663 624 [62170‘5]
1684 591 1768 626 Quod
1776 592 1887 622 assatum
1900 593 1945 624 est.
1967 595 2118 633 Antiquum
2133 599 2309 630 vocabulum.
2341 603 2391 632 Ca-

1274 619 1586 692 ifii(isdi⁸15iricggstg32'
1624 626 1708 657 Vesta:
1718 628 1735 657 si
1751 629 1826 659 voles
1838 630 1902 660 dato
1912 654 1919 667 ,
1941 632 2008 671 daps
2019 634 2081 669 Jovi
2090 635 2311 675 assariapecuina
2323 662 2331 673 ,
2348 651 2392 669 ur-

1237 694 1258 724 A
1268 705 1279 723 s
1288 704 1299 722 s
1310 704 1329 722 ir
1338 704 1353 722 R
1363 706 1372 722 1
1383 705 1401 723 A
1414 717 1421 729 ,
1444 698 1615 734 [Am—veja]
1637 699 1722 739 Regio
1735 703 1796 733 Asiae
1808 706 1920 740 majoris
1931 729 1939 740 ,
1960 714 2034 737 trans
2045 710 2163 747 Tigrim,
2183 711 2250 742 olim
2266 713 2391 745 Orientis

1277 732 1360 775 totius
1380 733 1690 779 imperio-superbiens,
1712 741 1816 771 habens
1829 743 1862 771 ab
1882 744 1952 774 Ortu
1968 746 2089 783 lndiam,
2110 748 2145 777 ab
2157 749 2263 780 Occasu
2282 751 2392 789 Tigrim

1274 770 1400 813 fluvium,
1412 781 1426 800 a
1441 772 1698 818 Meijitliell'lediam,
1711 787 1725 806 a
1738 778 2101 815 SeptentrioneCaiucasum:
2119 787 2193 816 unde
2208 787 2388 826 Assyriidicli,

1276 818 1323 850 qui
1333 808 1404 837 male
1416 818 1478 839 cum
1491 812 1566 847 Syris
1580 812 1614 841 ab
1626 815 1687 850 ipsis
1702 816 1822 857 antiquis
1832 818 2011 856 scriptoribus
2027 823 2244 855 confunduntur.
2282 827 2310 855 V.
2330 828 2392 858 Cel-

1274 851 1322 874 lar.
1337 845 1513 893 GeognAnt.
1526 849 1542 877 l.
1557 859 1581 884 3.
1598 860 1620 878 c.
1641 860 1681 894 17.
1723 852 1801 882 Dicta
1812 855 1849 884 est
1863 863 1954 886 autem
1965 858 2064 896 Assyria
2085 861 2171 896 (teste
2182 864 2329 898 Augustino
2342 865 2392 896 lib.

1280 892 1291 911 1
1300 895 1322 926 ς,
1339 883 1374 912 de
1386 884 1483 928 Civit.)
1502 886 1538 930 ab
1547 886 1622 916 Assur
1633 888 1689 917 filio
1699 890 1772 919 Sem.
1794 892 1876 922 Nunc
1887 895 2037 931 pollidetur
2047 907 2062 927 a
2074 897 2212 929 Persarum
2223 898 2286 939 rege
2295 903 2390 941 Sophi.

1278 920 1361 950 Dives
1372 922 1482 960 Assyria.
1504 923 1599 955 Tibul.
1614 935 1637 962 3.
1652 936 1677 955 2.
1693 936 1736 961 24.

1239 959 1436 1004 *As-smnus,
1459 962 1518 998 Adj.
1540 964 1728 999 ['Aorde‹&]
1753 965 1809 1002 Qui
1826 967 1865 996 est
1885 977 1920 998 ex
1940 970 2059 1008 Assyria:
2088 979 2138 1009 ut,
2159 975 2306 1007 Amomum
2321 978 2394 1017 Affy.

1276 1006 1356 1026 rium.
1378 997 1453 1036 V1rg.
1469 1010 1494 1034 4.
1512 1000 1568 1029 Ecl.
1582 1011 1627 1037 ας.
1650 1001 1684 1030 Et
1696 1001 1799 1032 Lucan.
1813 1003 1862 1034 lib.
1877 1017 1903 1041 4.
1916 1013 1980 1042 298.

1342 1073 1348 1079 ι
1406 1051 1440 1056 -
1454 1036 1548 1074 Assyrii
1558 1038 1690 1068 scrutator
1699 1040 1819 1077 pallidus
1833 1044 1899 1072 auri.

1276 1071 1363 1139 Υῧῼῑιε
1374 1074 1526 1141 ῐηῑιεὲεῆιξὶει
1534 1086 1643 1143 νίηεηο
1655 1078 1760 1115 Assyrio
1773 1100 1781 1114 ‚
1802 1080 1821 1109 i.
1836 1090 1860 1110 e.
1877 1081 2008 1120 Purpura.
2030 1084 2077 1114 Sil.
2099 1095 2140 1116 11.
2156 1097 2200 1124 41.
2238 1089 2274 1120 lic
2285 1101 2396 1129 quoque

1320 1121 1369 1148 irg.
1383 1121 1408 1140 2.
1449 1122 1523 1150 eorg.
1538 1126 1556 1149 4
1580 1125 1603 1150 5.

1356 1149 1428 1192 ‘Alba
1441 1160 1494 1180 nec
1507 1151 1604 1190 assyrio
1618 1153 1728 1183 fucatur
1744 1153 1807 1185 lana
1824 1166 1942 1186 veneno.

1279 1184 1374 1230 Assyrii
1395 1188 1508 1226 (inquit
1520 1190 1607 1220 Cic.2.
1620 1191 1655 1220 de
1665 1191 1757 1222 Divin.
1769 1202 1794 1222 2.
1807 1194 1819 1230 )
1840 1200 1954 1232 propter
1963 1196 2108 1234 planitiem
2121 1202 2397 1242 magnitudinemque

1297 1234 1447 1270 regionum·
1457 1237 1523 1264 quas
1536 1228 1713 1272 incolebant,
1734 1240 1820 1267 quum
1839 1233 1943 1262 coelum
1961 1243 1995 1263 ex
2014 1237 2090 1264 omni
2104 1244 2180 1275 parte
2200 1248 2297 1277 patens
2315 1249 2397 1279 atque

1297 1269 1425 1306 apertum
1440 1272 1633 1302 intuerentur,
1653 1269 1829 1303 trajeuiones
1847 1277 1995 1309 motusque
2017 1273 2155 1304 stellarum
2167 1276 2396 1310 observaverunt:

1300 1300 1400 1344 quibus
1411 1304 1513 1333 notatis
1524 1326 1532 1338 ,
1554 1305 1620 1341 quid
1631 1306 1731 1348 cuique
1741 1306 1936 1344 significaretur
1947 1331 1954 1344 ,
1976 1313 2117 1342 memoriae
2129 1315 2321 1350 prodiderunt.

1281 1337 1381 1381 Assyria
1393 1340 1496 1377 malus,
1515 1343 1530 1377 [
1542 1344 1662 1374 Ἀωυφιη
1671 1345 1752 1379 μηλέαι
1764 1346 1778 1379 ]
1794 1346 1898 1383 (quam
1908 1346 1953 1376 alii
1966 1347 2105 1379 Medicam
2117 1360 2217 1381 vocant
2230 1358 2236 1381 )
2258 1355 2342 1383 Arbor
2350 1355 2398 1390 est,

1299 1385 1378 1412 CUJUS
1388 1378 1486 1408 folium
1496 1380 1694 1417 estunedonis‚
1711 1383 1958 1414 intercurrentibus
1969 1385 2063 1423 spinis.
2102 1388 2216 1418 Pomum
2234 1391 2322 1428 ipsum
2334 1393 2400 1422 alitis

1301 1424 1359 1443 non
1369 1417 1528 1447 manditur:
1551 1419 1637 1447 odore
1649 1419 1783 1461 praecellit
1793 1421 1924 1452 foliorum
1942 1433 2070 1460 quoque,
2093 1427 2140 1463 qui
2158 1428 2251 1457 transit
2267 1430 2294 1457 in
2315 1431 2401 1460 vestes

1300 1461 1356 1481 una
1367 1455 1497 1486 conditus
1507 1478 1514 1491 ,
1535 1463 1664 1494 arcetque
1675 1459 1838 1489 animalium
1851 1461 1944 1490 noxia.

1987 1461 2017 1491 V.
2038 1462 2119 1500 plura
2130 1466 2205 1502 apud
2216 1464 2284 1496 Plin.
2292 1467 2341 1498 lib.
2356 1478 2399 1498 12.

1302 1500 1362 1529 cap.
1381 1501 1405 1528 3.

1686 1559 1714 1594 A
1807 1561 1827 1595 S
1925 1560 1959 1599 T

1246 1638 1266 1668 A
1276 1648 1288 1668 s
1298 1648 1317 1668 T
1326 1661 1333 1674 ,
1355 1641 1462 1684 [ἀλλὰ]
1483 1641 1652 1680 Conjunffio
1660 1645 1698 1688 est
1708 1644 1852 1676 discretiva
1863 1667 1871 1683 ,
1894 1658 1946 1685 qua
1956 1656 2046 1687 poetae
2060 1657 2178 1681 utuntur
2188 1662 2240 1690 pro
2251 1653 2284 1682 At
2298 1675 2306 1687 ,
2327 1652 2404 1691 sylla.

1283 1677 1345 1721 bam
1370 1678 1445 1708 illam
1465 1680 1595 1719 brevem,
1615 1683 1810 1723 interjectione
1824 1685 1852 1720 s,
1883 1686 1995 1724 longam
2019 1689 2171 1722 facientes,
2193 1690 2307 1720 authore
2330 1692 2405 1721 Valla

1284 1715 1330 1759 lib.
1341 1726 1366 1745 2.
1408 1717 1499 1748 Festus
1509 1741 1517 1754 ,
1540 1720 1584 1749 Ast
1594 1743 1601 1757 ,
1622 1721 1756 1759 significat
1770 1724 1803 1752 At
1812 1745 1819 1757 ,
1840 1723 1888 1752 sed
1902 1746 1910 1760 ,
1932 1732 2033 1756 autem.
2057 1727 2143 1758 Plaut.
2183 1729 2282 1766 Neque
2295 1739 2343 1759 eos
2357 1740 2402 1761 an-

1283 1759 1375 1791 tiquos
1389 1754 1478 1785 servas
1490 1779 1498 1791 ,
1519 1758 1556 1786 ast
1568 1767 1661 1796 captas
1676 1769 1771 1789 novos.
1794 1761 1867 1798 Virg.
1885 1772 1905 1792 i.
1920 1761 1982 1793 AEn.
1994 1768 2040 1800 46.

1364 1794 1407 1835 Ast
1417 1802 1469 1831 ego
1479 1804 1538 1832 quae
1549 1796 1645 1826 divum
1663 1798 1765 1827 incedo
1775 1800 1878 1836 regina.

1284 1829 1328 1858 Ast
1338 1833 1536 1875 coniunctione
1548 1835 1633 1864 etiam
1646 1835 1776 1865 Oratores
1786 1838 1823 1866 usi
1833 1837 1911 1873 sunt,
1932 1849 1983 1876 pro
1999 1839 2133 1877 particula
2147 1839 2211 1870 Sed.
2234 1841 2292 1871 Cic.
2307 1851 2331 1877 3.
2348 1845 2402 1874 Att.

1305 1867 1472 1912 Q⁰.¹‘¹.e¹'.¹¹m
1486 1871 1563 1901 vides
1577 1873 1620 1911 agi
1637 1871 1714 1910 posse
1725 1896 1733 1909 ,
1755 1882 1802 1904 aut
1825 1877 1986 1913 quomodo:
2009 1888 2058 1916 per
2079 1879 2274 1909 Senatumne‘?
2293 1882 2331 1910 ast
2347 1889 2406 1910 tute

1306 1904 1428 1949 scripsisti
1441 1908 1476 1936 ad
1488 1918 1532 1938 me
1543 1932 1550 1944 ,
1573 1912 1714 1948 quoddam
1725 1934 1734 1947 ,
1750 1914 1802 1942 &o

1286 1943 1331 1972 Ast
1341 1966 1349 1978 ,
1369 1945 1552 1989 Alleveijantis
1564 1959 1618 1978 vox
1630 1949 1668 1978 est
1678 1949 1835 1987 aliquando.
1876 1951 1934 1982 Liv.
1953 1963 1996 1982 10.
2017 1953 2132 1983 Bellona
2143 1954 2160 1983 si
2172 1955 2258 1985 hodie
2273 1955 2355 1986 nobis
2369 1956 2408 1985 vi-

1305 1982 1421 2011 &oriam
1431 1983 1494 2013 duis
1505 2006 1512 2019 ,
1535 1986 1572 2015 ast
1581 1987 1627 2016 hic
1637 1997 1688 2024 ego
1700 1988 1839 2027 templum
1850 1989 1901 2019 tibi
1911 1998 2009 2021 voveo.
2049 1991 2111 2021 Hoc
2123 1992 2186 2022 loco
2197 1994 2305 2023 videtur
2315 1995 2406 2032 accipi

1308 2020 1351 2049 Ast
1362 2030 1412 2058 pro
1425 2021 1499 2050 Tum
1511 2045 1519 2057 ,
1541 2024 1586 2054 vel
1597 2024 1687 2054 Certe.

1249 2057 1272 2086 A
1281 2066 1292 2086 s
1303 2066 1322 2085 T
1332 2067 1349 2086 A
1361 2080 1368 2093 ‚
1390 2058 1538 2102 Oppidum
1551 2061 1666 2099 Liguriae
1676 2063 1830 2101 antiquum,
1841 2075 1945 2095 nomen
1953 2067 2045 2097 adhuc
2055 2068 2178 2098 retinens
2186 2090 2194 2103 ,
2210 2069 2325 2098 authore
2336 2069 2406 2100 Plin.

1288 2094 1359 2125 Item
1372 2096 1474 2126 Civitas
1488 2098 1526 2128 est
1541 2099 1662 2135 Baeticae.
1684 2102 1756 2131 inter
1769 2103 1883 2132 Sacrum
1898 2102 2121 2142 p'romontorium
2143 2107 2170 2136 Sc
2191 2106 2338 2137 Herculeas
2363 2118 2409 2137 co-

1307 2133 1435 2171 lumnas,
1457 2135 1491 2165 de
1502 2139 1639 2174 quaidem
1654 2139 1723 2169 Plin.
1735 2139 1784 2168 lib.
1797 2149 1823 2169 2.
1838 2151 1899 2179 cap.
1913 2152 1935 2172 1.
1952 2145 1978 2173 ἃ
1989 2143 2160 2181 Pomponius
2170 2143 2218 2174 lib.
2234 2154 2258 2181 3.

1288 2170 1333 2200 Est
1344 2174 1369 2201 Sc
1380 2173 1440 2202 Asta
1450 2195 1457 2208 ,
1479 2173 1608 2205 Insubriae
1621 2176 1685 2206 urbs
1697 2199 1705 2213 ‚
1727 2187 1786 2206 non
1802 2178 1886 2217 longe
1897 2190 1913 2210 a
1923 2180 2046 2211 Novaria
2058 2181 2169 2212 distans.
2190 2182 2232 2212 De
2246 2183 2299 2212 hac
2309 2182 2406 2213 Claud.

1311 2209 1346 2239 de
1357 2210 1431 2240 Sext.
1444 2211 1525 2242 Cons.
1534 2213 1608 2243 Hon.
1621 2224 1684 2251 203.

1289 2321 1329 2352 rb
1352 2252 1979 2359 3Contulitnrelsi[bilisisiioiisistri‘ibiiieisaszindicis
1994 2295 2070 2326 Astae.

1301 2333 1309 2351 i
1332 2346 1337 2352 .
1373 2335 1396 2360 5.
1415 2334 1446 2354 ca
1469 2349 1475 2354 .
1495 2336 1537 2356 12.

1251 2359 1372 2390 Asi-An
1384 2365 1400 2392 ὅ
1411 2373 1427 2391 a
1438 2336 1494 2399 Aps,
1516 2365 1570 2395 sive
1587 2366 1605 2394 A
1616 2375 1656 2395 sT
1667 2368 1738 2396 ΑΒό
1749 2377 1811 2397 aas
1822 2390 1830 2403 ,
1861 2369 1928 2398 teste
1947 2368 2016 2399 Plin.
2034 2369 2083 2400 lib.
2100 2380 2123 2406 ς.
2140 2380 2200 2408 cap.
2215 2381 2240 2407 9.
2280 2371 2352 2401 Alter
2370 2372 2409 2402 est

1289 2408 1325 2427 ex
1334 2399 1418 2429 alveis
1430 2401 1488 2430 Nili
1500 2425 1508 2439 ,
1530 2404 1578 2440 qui
1589 2402 1707 2433 Meroen
1717 2404 1834 2435 insulam
1843 2416 1858 2435 a
1868 2406 1970 2436 sinistra
1978 2407 2072 2437 alluit:
2095 2408 2142 2437 ille
2153 2418 2217 2438 vero
2228 2409 2275 2446 qui
2290 2420 2304 2438 a
2314 2411 2409 2439 dexte-

1289 2446 1317 2465 ra
1331 2444 1408 2475 parte
1422 2439 1460 2482 est
1471 2460 1478 2472 ‚
1500 2441 1639 2479 Astusapes
1654 2442 1818 2480 appellatur.
1859 2445 1957 2474 Strabo
1975 2455 2042 2475 vero
2057 2446 2210 2476 Astaboram
2224 2447 2340 2477 fluvium
2356 2447 2409 2477 esse

1291 2475 1394 2512 docet,
1414 2476 1552 2508 diversum
1560 2489 1576 2509 a
1585 2479 1651 2509 Nilo
1661 2481 1734 2509 circa
1746 2481 1863 2512 Meroen
1873 2482 1988 2512 insulam
2001 2506 2008 2519 ,
2032 2485 2061 2513 in
2071 2483 2169 2513 Nilum
2180 2484 2352 2515 influentem.

1253 2512 1274 2542 A
1284 2522 1296 2541 s
1306 2522 1325 2556 :r
1335 2524 1354 2542 A
1363 2523 1379 2557 c
1389 2524 1403 2542 ir.
1412 2524 1424 2543 s
1433 2536 1440 2550 ‚
1463 2513 1617 2553 [Ἀπίας]
1639 2517 1752 2548 Fluvius
1761 2519 1800 2548 est
1810 2520 1840 2548 in
1851 2520 1938 2550 Ponto
1950 2543 1957 2556 .
1980 2522 2044 2551 Asiae
2056 2522 2168 2559 regione
2177 2544 2185 2557 ,
2203 2524 2280 2559 cujus
2291 2524 2366 2561 aquis
2378 2523 2412 2552 ir.

1292 2557 1370 2589 rigati
1382 2554 1472 2590 campi
1484 2564 1549 2584 oves
1558 2555 1683 2593 pascunt,
1699 2556 1777 2594 nigro
1787 2557 1856 2587 lacte
1866 2559 1973 2588 accolas
1981 2558 2095 2590 alentes.
2108 2559 2178 2589 Plin.
2190 2561 2268 2590 lib.2.
2280 2571 2339 2599 cap.
2348 2571 2408 2598 103.

1253 2589 1276 2618 A
1286 2598 1298 2617 s
1310 2599 1327 2617 T
1338 2600 1356 2618 A
1367 2599 1384 2618 c
1395 2601 1403 2618 1
1415 2612 1423 2625 ‚
1444 2592 1579 2628 [ebramii]
1599 2593 1639 2623 Ex
1651 2603 1750 2631 genere
1761 2594 1823 2624 sunt
1831 2605 1993 2626 cancrorum
2004 2619 2012 2633 ‚
2033 2598 2107 2636 apud
2118 2597 2186 2628 Plin.
2203 2598 2251 2627 lib.
2263 2602 2287 2628 6.
2298 2609 2356 2637 cap.
2365 2608 2376 2635 3
2386 2609 2408 2628 1.

1291 2626 1362 2656 Vide
1372 2629 1398 2657 Sc
1410 2629 1508 2658 horum
1520 2630 1735 2669 descriptionem
1742 2633 1817 2670 apud
1831 2634 1927 2664 Galen.
1941 2635 1989 2665 lib.
2005 2645 2028 2671 3.
2043 2636 2078 2665 de
2090 2635 2169 2665 Alim.
2183 2635 2277 2665 facult.
2294 2647 2344 2675 cap
2363 2646 2407 2673 34.

1253 2665 1294 2694 As
1304 2674 1323 2693 T
1333 2675 1351 2693 A
1361 2675 1377 2693 c
1388 2676 1415 2695 oe
1425 2676 1445 2695 N
1456 2678 1466 2695 1
1475 2689 1484 2702 ,
1506 2669 1688 2704 [Ἀε-οιυινοὶ]
1712 2670 1806 2708 Populi
1824 2671 1911 2701 Indiae
1921 2695 1929 2707 ,
1960 2674 2008 2711 qui
2028 2673 2153 2703 Mediam
2175 2675 2317 2712 regionem
2339 2676 2411 2704 inter

1292 2702 1411 2741 Cophen
1420 2710 1502 2742 atque
1515 2705 1616 2736 Indum
1630 2707 1764 2737 habitant.
1787 2709 1874 2740 Strab.
1889 2710 1938 2740 lib.
1960 2722 2001 2747 15.

1253 2741 1274 2770 A
1283 2751 1294 2770 s
1305 2751 1323 2769 T
1333 2751 1351 2770 A
1360 2751 1377 2770 c
1386 2752 1405 2770 u
1415 2753 1436 2771 M
1457 2743 1546 2773 Plinio
1558 2767 1565 2780 ‚
1596 2745 1651 2774 sive
1673 2746 1694 2774 A
1704 2756 1715 2775 s
1726 2756 1745 2774 'r
1756 2756 1774 2775 A
1784 2756 1801 2775 c
1814 2757 1832 2776 u
1841 2757 1853 2777 s
1866 2770 1873 2783 ,
1894 2747 2037 2784 [Mazaca
2057 2749 2199 2788 Stephano
2216 2751 2242 2780 &
2258 2750 2409 2785 Straboni]

1291 2779 1428 2817 Bithyniae
1438 2783 1575 2819 oppidum
1585 2782 1655 2818 fuit,
1676 2784 1714 2813 ita
1725 2784 1833 2814 dietum
1850 2786 1883 2815 ab
1899 2787 1992 2816 Astaco
2006 2789 2127 2824 quodam
2138 2788 2262 2826 Neptuni
2283 2789 2308 2816 Sc
2320 2787 2409 2817 Olbiae

1290 2817 1422 2884 nymplpe
1436 2818 1493 2887 {ig
1504 2842 1512 2854 ,
1534 2830 1550 2887 ἓ
1561 2830 1615 2887 qplp
1624 2822 1733 2851 vicinus
1740 2821 1813 2852 finus
1823 2845 1831 2859 ‚
1850 2824 1996 2855 Astacenus
2013 2825 2167 2864 appellatus
2177 2825 2223 2855 est.
2247 2825 2314 2854 Plin.
2323 2825 2370 2854 lib.
2385 2836 2411 2862 5.

1291 2864 1353 2893 cap.
1370 2865 1388 2884 u
1402 2862 1420 2885 t.
1492 2864 1531 2887 tra
1553 2883 1558 2887 .
1580 2869 1588 2887 1
1612 2882 1617 2888 .
1633 2869 1674 2888 12.

1290 2893 1355 2922 Fuit
1365 2895 1391 2923 ὃ(
1400 2894 1484 2924 altera
1492 2896 1616 2929 eiusdem
1625 2898 1748 2928 nominis
1757 2897 1827 2928 Urbs
1837 2899 1867 2928 in
1879 2900 2029 2930 Acarnania
2039 2922 2047 2936 ‚
2069 2910 2128 2938 quae
2143 2899 2235 2938 &ipsa
2247 2900 2407 2938 propinquo

1314 2931 1382 2960 sinui
1396 2932 1528 2963 Astaceno
1542 2944 1646 2964 nomen
1656 2935 1739 2970 fecit,
1761 2937 1827 2966 teste
1843 2938 1930 2967 Strab.
1943 2937 1991 2967 lib.
2011 2949 2050 2967 10.

1254 2968 1275 2998 A
1284 2978 1296 2997 s
1306 2979 1325 2997 T
1335 2972 1350 2998 Ᾰ
1361 2979 1374 2998 Ρ
1385 2979 1404 2998 H
1416 2981 1423 2998 1
1433 2981 1460 3006 s,
1483 2972 1546 3001 idis.
1567 2972 1585 3001 f.
1609 2974 1750 3009 [οἱςωφὶς]
1773 2975 1831 3004 Uva
1841 2975 1913 3013 passa
1922 2976 2030 3006 dicitur.
2049 2975 2116 3005 Plin.
2128 2974 2223 3011 lib.23.
2238 2985 2297 3012 cap.
2306 2985 2328 3004 1.
2351 2974 2410 3005 Uva

1291 3006 1373 3044 passa,
1388 3017 1469 3045 quam
1480 3009 1621 3047 astaphida
1631 3018 1731 3041 vocant
1744 3035 1749 3047 ‚
1766 3013 1937 3042 stomachum
1949 3036 1956 3048 ,
1970 3023 2094 3043 ventrem
2105 3035 2113 3047 ,
2130 3014 2270 3042 interanea
2279 3020 2407 3043 tentaret.

1290 3045 1414 3082 astaphis
1422 3047 1495 3083 agria
1507 3070 1514 3081 ,
1537 3047 1655 3084 [mon
1670 3045 1782 3085 dyeia]
1806 3050 1858 3080 sive
1870 3051 1980 3089 Staphis
1992 3073 2000 3086 ,
2021 3061 2102 3089 quam
2110 3050 2195 3079 Uvam
2209 3051 2352 3080 taminiam
2362 3050 2411 3080 ali-

1310 3084 1358 3119 qui
1371 3091 1473 3114 vocant
1482 3084 1548 3114 falso
1570 3086 1669 3122 (suum
1681 3089 1756 3117 enim
1770 3098 1856 3126 genus
1868 3089 1971 3124 habet)
1992 3088 2134 3118 cauliculis
2141 3089 2234 3125 nigris,
2248 3089 2327 3118 reetis
2337 3110 2346 3122 ,
2367 3089 2409 3118 fo-

1308 3119 1352 3150 liis
1367 3120 1497 3152 labruscae
1508 3145 1516 3159 ,
1536 3119 1589 3153 fert
1600 3124 1730 3155 foliculos
1744 3127 1834 3155 verius
1848 3135 1929 3164 quam
1943 3127 2038 3156 acinos
2049 3148 2057 3162 ,
2074 3125 2172 3154 virides
2184 3147 2192 3160 ,
2209 3125 2307 3155 similes
2315 3125 2409 3156 ciceri.

1310 3158 1377 3188 Haec
1392 3159 1460 3190 Plin.
1472 3160 1521 3191 lib.
1533 3171 1576 3198 23.
1596 3172 1656 3200 cap.
1672 3173 1693 3193 1.
1733 3163 1858 3194 Ruellius
1872 3164 1919 3193 lib.
1935 3174 1958 3201 3.
1974 3174 2033 3202 cap.
2059 3172 2119 3199 141.
2141 3163 2251 3201 Staphis
2269 3164 2342 3201 agria
2354 3164 2411 3193 Ro-

1308 3197 1398 3226 manis
1418 3198 1510 3228 Herba
1528 3200 1696 3237 pedicularis
1716 3201 1825 3231 dicitur.
1846 3202 1945 3231 folium
1962 3202 2043 3230 habet
2060 3200 2190 3230 labruscae
2198 3223 2205 3236 ,
2228 3201 2410 3239 divisurisque

1310 3233 1434 3271 scissum,
1455 3236 1599 3267 cauliculis
1612 3239 1710 3274 redis,
1724 3241 1775 3269 Sec.
1816 3239 1900 3269 Paulo
1908 3240 1984 3277 post,
2004 3239 2143 3268 Pituitaria
2158 3249 2269 3276 quoque
2287 3240 2408 3276 dicitur,

1310 3272 1429 3303 officinis
1443 3274 1527 3304 hodie
1541 3276 1636 3312 Staphis
1643 3279 1721 3312 agria.

1254 3308 1276 3339 A
1287 3319 1299 3338 s
1309 3319 1328 3338 T
1338 3320 1357 3339 A
1366 3320 1380 3339 r>
1389 3321 1410 3340 H
1420 3323 1430 3340 1
1440 3322 1459 3341 u
1468 3324 1488 3342 M
1497 3333 1505 3348 ,
1527 3313 1639 3343 Nomen
1649 3313 1755 3344 ancillae
1766 3312 1839 3351 apud
1850 3313 1935 3343 Plaut.
1947 3314 2032 3343 Truc.

1254 3347 1275 3376 A
1283 3357 1295 3376 s
1305 3357 1324 3376 T
1335 3358 1354 3377 A
1363 3359 1378 3377 P
1388 3359 1408 3378 H
1418 3360 1437 3379 Y
1447 3361 1463 3378 L
1473 3362 1481 3379 1
1490 3360 1511 3379 N
1520 3361 1537 3380 o
1546 3361 1558 3381 s
1568 3374 1576 3388 ,
1597 3352 1734 3381 Pastinaca
1744 3351 1886 3389 sylvestris,
1898 3361 1956 3388 quae
1966 3353 1991 3381 δὲ
2003 3350 2181 3390 Staphylinos
2190 3351 2300 3382 dicitur.
2314 3351 2407 3383 Ruell.

1294 3385 1342 3415 lib.
1358 3396 1382 3424 3.
1394 3397 1457 3425 cap,
1468 3399 1514 3424 41.

1253 3422 1275 3452 A
1286 3432 1298 3452 s
1309 3433 1328 3452 T
1338 3435 1355 3453 A
1364 3434 1379 3453 Ρ
1389 3435 1407 3454 υ
1416 3435 1439 3460 s,
1459 3423 1618 3462 [Ἀε-εὲπες]
1639 3426 1751 3456 fluvius
1761 3426 1917 3463 AEthiopiae,
1927 3426 1961 3455 de
1972 3436 2027 3463 quo
2036 3426 2133 3456 Strabo
2140 3427 2188 3456 lib.
2196 3431 2237 3457 16.
2252 3428 2287 3457 sic
2299 3428 2407 3465 scribit,

1293 3460 1372 3491 Circa
1383 3462 1498 3493 Meroen
1509 3464 1648 3494 Astaboras
1660 3466 1685 3494 Sa
1697 3465 1801 3501 Astapas
1810 3464 1938 3492 influunt.
1978 3464 2043 3493 Haec
2052 3463 2170 3494 fiumina
2183 3465 2356 3504 Rhizopliagi
2366 3477 2410 3496 ac-

1292 3499 1407 3536 colunt,
1429 3502 1476 3538 qui
1486 3503 1569 3531 etiam
1581 3501 1633 3531 Elii
1647 3509 1798 3536 vocantur,
1819 3509 1965 3538 propterea
1982 3502 2057 3538 quod
2073 3511 2108 3531 ex
2125 3503 2270 3539 adjacente
2286 3506 2407 3542 palude,

1294 3537 1392 3568 evulsis
1400 3539 1540 3568 radicibus
1551 3539 1674 3568 massulas
1685 3539 1837 3568 conficiunt
1848 3561 1856 3573 ‚
1873 3540 1899 3568 &
1907 3539 1942 3568 ad
1951 3538 2035 3568 solem
2047 3540 2134 3569 costis
2145 3539 2299 3571 vescuntur.
2342 3543 2409 3572 Haec

1290 3574 1353 3604 loca
1366 3576 1461 3606 leones
1471 3577 1565 3610 alunt,
1591 3577 1637 3613 qui
1650 3577 1698 3605 sub
1713 3576 1795 3605 Canis
1807 3583 1933 3605 exortum
1953 3587 1968 3605 a
1988 3578 2115 3607 maximis
2133 3578 2268 3609 culicibus
2285 3580 2350 3609 hinc
2362 3590 2409 3609 ex-

1289 3613 1441 3651 pelluntur.
1465 3615 1605 3644 Hactenus
1616 3614 1720 3643 Strabo.
1753 3614 1886 3643 Meminit
1898 3615 1924 3643 δι
1936 3614 2022 3652 Astapi
2033 3615 2109 3644 fluvii
2122 3616 2196 3645 idem
2204 3617 2312 3651 author.
2323 3628 2407 3655 quem

1291 3651 1446 3681 Astosabam
1457 3663 1472 3682 a
1484 3651 1624 3681 nonnullis
1639 3651 1777 3680 nominari
1786 3652 1912 3680 aitinitio
1932 3651 1980 3682 lib.
1998 3661 2037 3690 17.
2051 3654 2079 3682 in
2090 3653 2275 3692 descriptione
2289 3657 2406 3693 Aigypti.

1291 3688 1360 3718 Pliri.
1373 3696 1466 3718 tamen
1479 3690 1526 3719 lib.
1539 3701 1562 3724 ς.
1578 3699 1636 3725 cap.
1651 3699 1676 3724 9.
1693 3689 1728 3718 de
1741 3689 1837 3726 Astapo
1852 3711 1860 3724 ,
1881 3689 1918 3718 sic
1935 3689 2035 3720 scribit.
2078 3691 2158 3721 Nilus
2176 3693 2286 3730 Astapus
2304 3703 2407 3730 cogno-

1290 3728 1412 3756 minatus
1433 3728 1471 3757 est
1480 3749 1488 3762 ,

2158 2295 2326 2326 Meminit&
2338 2295 2407 2326 Plin.

1518 3727 1593 3764 quod
1607 3725 1714 3755 illarum
1735 3728 1860 3763 gentium
1878 3727 1972 3765 lingua
1991 3728 2124 3766 significat
2143 3740 2242 3767 aquam
2257 3742 2272 3761 e
2288 3731 2411 3760 tenebris

1291 3765 1485 3802 profluentem.
1526 3764 1658 3793 Scribitur
1668 3765 1693 3793 te
1707 3764 1824 3802 Astapes.

1254 3802 1276 3832 A
1285 3812 1297 3831 s
1308 3813 1326 3830 τ
1334 3812 1352 3831 A
1361 3813 1376 3831 R
1386 3812 1403 3831 o
1412 3812 1432 3830 ‘r
1440 3811 1475 3836 1-1,
1499 3800 1616 3838 Antiqua
1627 3801 1722 3830 civitas
1734 3802 1778 3839 Og
1789 3802 1859 3839 regis
1870 3802 1952 3832 Basan
1961 3825 1969 3838 ,
1991 3804 2021 3832 in
2035 3814 2089 3841 qua
2099 3803 2258 3835 habitarunt
2272 3807 2407 3843 gigantes,

1292 3841 1318 3869 &
1329 3840 1420 3877 postea
1434 3839 1537 3868 cecidit
1547 3839 1574 3867 in
1585 3838 1683 3867 sortem
1695 3839 1782 3869 tribus
1796 3839 1930 3870 Manasses
1940 3863 1948 3876 ,
1966 3842 2087 3879 regionis
2095 3842 2242 3874 Bethaniae.
2284 3845 2354 3872 Sunt
2363 3854 2408 3872 au-

1292 3883 1350 3906 tem
1359 3877 1415 3905 duo
1424 3876 1532 3905 castella
1542 3877 1569 3904 in
1579 3876 1710 3906 Bethania
1722 3877 1775 3907 hoc
1785 3877 1921 3907 vocabulo
1929 3901 1937 3914 ‚
1958 3889 2061 3909 novem
2079 3881 2152 3910 inter
2166 3880 2193 3910 se
2204 3881 2326 3911 millibus
2336 3881 2412 3919 sepa-

1294 3921 1351 3943 rata
1363 3936 1371 3949 ,
1392 3914 1464 3942 inter
1473 3914 1591 3943 Aderam
1603 3915 1628 3943 8(
1639 3914 1751 3944 Abelam
1761 3916 1850 3945 urbes.

1256 3953 1324 3982 As'r
1334 3962 1354 3981 A
1364 3961 1431 3981 RTn
1441 3973 1450 3988 ‚
1470 3947 1621 3988 [Ἀςάρτη]
1640 3951 1699 3982 Dea
1713 3953 1767 3982 fuit
1782 3953 1915 3990 Syrorum
1925 3976 1933 3990 ,
1954 3959 1986 3985 ut
2002 3954 2126 3986 AElianus
2139 3956 2238 3986 author
2257 3956 2303 3986 est.
2340 3956 2412 3999 Sunt

2361 4003 2410 4030 qui
