2600 4177
460 73 485 105 A
575 70 610 104 Ν
701 70 732 104 Τ

62 149 125 185 Fuit
136 155 200 182 item
216 151 343 190 Sculptor
361 151 484 189 egregius
496 173 503 185 ,
525 151 572 187 qui
584 150 710 188 Satyrum
720 150 748 178 in
763 150 854 188 phiala
865 158 1004 188 gravatum
1011 153 1107 183 somno
1121 154 1179 182 col-

65 226 69 227 ,
84 192 209 220 locavisse
219 192 308 220 verius
327 199 408 225 quam
419 188 522 217 caelasse
533 189 623 217 dictus
632 188 679 217 est.
710 187 779 217 Plin.
793 189 843 217 lib.
863 199 906 225 3³-
923 200 982 228 cap.
1005 201 1046 220 12.

64 229 127 259 Fuit
140 236 268 266 praeterea
285 228 423 264 Antipater
435 225 551 255 Herodis
562 225 632 262 regis
652 231 728 262 pater
740 247 747 258 ,
774 226 925 256 Ascalonita
937 250 944 262 ,
979 229 1019 257 vir
1031 228 1178 262 maximus,

83 266 240 303 &potentia
248 265 377 303 praeditus
387 285 395 297 ,
415 263 450 292 de
463 272 517 299 quo
527 262 659 292 Volateir.
672 263 701 290 in
717 262 783 292 Hist.
797 263 929 293 Hierosol.

65 304 129 334 Fuit
142 305 168 332 St
178 303 317 339 Antipater
333 300 556 337 Hierapolitanus
567 322 575 334 ,
596 300 721 337 Sophista
733 300 844 335 nobilis,
865 309 1017 339 praeceptor
1031 302 1180 330 liberorum

85 341 175 371 Severi
186 339 327 378 principis.
347 339 424 373 cujus
436 339 520 366 etiam
530 347 571 365 res
582 338 667 374 gestas
676 337 778 375 scripsit
790 359 797 373 ‚
823 349 854 368 ac
867 340 991 377 magister
1007 338 1182 377 epistolarum

83 378 135 406 fuit
152 399 160 412 ‚
181 384 212 406 ut
225 377 263 405 est
274 376 373 405 author
393 374 575 404 Philostratus.

3 423 9 457 ¹*
30 415 80 446 An
91 424 152 443 Tri*
163 423 261 443 A‘ritR
276 435 284 447 ‚
304 414 318 447 [
334 409 505 445 'Au-timeat&
521 413 535 447 ]
556 412 632 447 jovis
643 412 799 449 epitheton,
817 413 890 450 apud
908 413 1091 442 Theocritum
1101 413 1128 440 in
1140 412 1183 441 Fi-

67 451 142 486 stula,
156 462 181 480 v.
194 460 216 486 3.
227 450 303 488 ‘quod
314 449 403 478 hostili
411 449 503 478 animo
513 457 618 486 putrem
629 457 713 486 regno
724 451 830 478 exuerit
840 472 847 482 .
868 452 892 479 St
906 452 940 480 ud
950 452 1051 479 inferos
1066 449 1185 479 detruse-

66 490 119 525 rit,
139 496 171 517 ut
181 490 254 526 apud
272 487 428 524 IEschyluni
442 488 533 516 innuit
545 487 732 515 Prometheus.
772 487 804 516 V.
827 488 1014 517 GneoSchol.

3 531 7 565 j
29 529 126 559 Auri
140 535 253 554 PA‘rRi
275 525 417 554 dicebatur
431 525 586 562 Collegium
602 533 697 554 eorum
716 525 762 561 qui
783 525 916 562 Antipatri
937 525 1098 554 memoriam
1115 523 1189 553 cele-

44 582 47 585 ·
68 563 192 593 brabant.
216 562 330 599 Buleng.
344 563 378 591 de
393 562 508 591 Conviv.
531 573 552 591 1.
571 573 612 596 1ς.

3 636 7 638 >
31 603 124 633 Auri
135 609 269 629 rem-ais
280 622 288 635 ,
320 600 382 628 idis.
403 600 422 628 f.
452 600 598 638 Oppidum
608 599 745 628 Palestinae
764 599 840 634 juxta
856 609 929 628 mare
944 600 1186 632 mediterraneum,

67 638 100 705 q}
115 637 226 704 1330?
247 638 276 704 iss
292 638 455 666 memoriam
475 638 577 676 patris,
598 638 670 666 inter
688 636 793 666 Hieros.
820 639 846 666 δ’(
864 636 1012 667 Caesaream
1030 637 1186 666 conditum.

11 700 16 711 ,
94 699 101 705 .
173 698 179 704 .
235 685 251 703 o
277 684 309 704 .2
332 698 338 703 .
376 685 397 703 1.
1017 676 1023 682 '

10 746 12 750 y
32 713 81 745 AN
91 685 235 741 ΤιΡΑΤΞ
246 722 259 741 iz
269 722 281 741 s
291 734 300 746 ,
313 684 341 748 3[
354 684 488 741 {ranan
508 713 523 748 ]
544 713 667 742 Gemmae
676 711 759 748 nigrae
770 710 883 747 species,
904 722 960 740 nori
982 711 1188 745 translucentis‚

11 771 13 774 ι
49 759 58 765 ’·
66 750 150 787 idque
167 751 195 780 in
203 749 273 779 laete
283 750 397 779 decocta
410 772 418 785 ,
439 751 555 788 myrrhae
569 749 654 779 simile
663 749 736 778 facit.
771 748 839 778 Plin.
851 749 944 785 lib.37.
956 760 1015 787 cap.
1033 760 1072 779 io.
1095 748 1186 778 Diosc.

8 799 15 831 2
72 797 95 824 5.
110 797 171 824 140.
194 787 306 817 Corallii
323 797 409 825 genus
423 788 469 817 est.
491 787 569 825 Apul.
587 787 664 825 Apol.
679 797 705 824 p.
716 796 779 822 294.
811 797 859 824 pro
878 787 979 816 Pliiltro
995 787 1113 826 usurpat.

32 827 152 858 Ana-11³
164 834 213 854 AT
223 829 264 854 11ῑ
274 836 292 854 A
304 848 313 860 ,
341 835 371 854 ae.
394 827 410 861 [
424 823 572 853 άνΐιπιίθεια.
588 825 603 860 ]
636 824 703 853 Plin.
718 823 765 852 lib.
781 833 823 859 32.
837 834 896 862 cap.
908 835 933 853 2.
960 825 1044 861 Quod
1064 825 1099 853 ad
1110 833 1190 861 repu-

67 863 210 902 gnantiam
229 872 320 892 reruni
333 864 448 897 attinet,
474 872 556 900 quam
567 862 654 891 Graeci
670 861 853 899 antipathiam
873 869 973 891 vocant
985 884 992 894 ,
1012 862 1082 890 nihil
1095 861 1132 890 est
1147 871 1191 891 us-

68 910 150 938 quam
160 901 322 930 venenatius
337 923 344 936 ,
370 911 452 938 quam
467 901 496 929 in
512 901 580 929 mari
594 900 740 937 pastinaca.
773 899 902 934 ldern24.
917 910 941 934 9.
974 899 1110 928 Alirabilis
1122 898 1193 927 anti-

67 938 171 978 pathia.
193 935 234 967 De
243 938 328 967 causis
338 939 510 976 Antipatliias
521 938 583 975 lege
594 938 669 967 Sext.
690 937 792 974 Empir-
804 936 851 965 lib.
867 946 889 966 1.
904 937 1032 974 Pyrrhon.
1046 937 1189 974 Hypotyp.

68 987 97 1015 p.
112 986 154 1005 10.
191 975 350 1013 Antipathia
365 977 449 1005 etiam
461 976 498 1005 est
515 976 651 1012 Quaedam
663 980 847 1011 temperatura
860 974 922 1004 ferri
937 974 1057 1012 rubigini
1068 974 1191 1003 resistens

67 1013 143 1051 apud
154 1012 222 1042 Plin.
233 1013 282 1043 lib.
296 1023 338 1050 34.
352 1024 412 1051 cap.
430 1024 440 1042 1
449 1024 471 1049 ς.
492 1015 513 1043 A
523 1012 650 1050 rubigine
660 1012 814 1041 vindicatur
831 1013 933 1041 cerussa
947 1014 973 1041 ἃ
983 1011 1066 1050 gypso
1078 1014 1103 1041 δι
1112 1011 1192 1048 liqui-

44 1067 51 1071 u
71 1052 106 1081 da
122 1051 194 1089 pice.
231 1051 298 1081 Haee
310 1051 349 1080 est
363 1058 564 1089 temperatura,
584 1061 599 1080 a
616 1050 716 1080 Graecis
729 1050 885 1087 Antipathia
896 1050 978 1079 dieta.

10 1090 15 1123 :j
33 1088 57 1128 A
65 1100 85 1120 N
94 1098 113 1118 T
122 1100 131 1117 1
140 1098 154 1118 1³
164 1098 178 1117 iz
189 1099 204 1117 1.
215 1099 233 1117 Α
242 1099 259 1118 R
268 1099 287 1117 o
297 1099 305 1117 1
317 1099 336 1117 A
348 1111 355 1122 ,
376 1090 391 1124 [
404 1085 590 1124 ἀνῖιπτλάργηως
604 1088 619 1123 ]
640 1088 678 1117 est
692 1087 792 1117 Mutua
802 1094 979 1125 acceptorum
994 1086 1192 1116 beneficiorum

71 1125 267 1164 compensatio,
289 1126 376 1156 Graeci
389 1127 465 1156 enim
476 1123 651 1162 ὰνῖεπτλαιξγᾶν
667 1132 785 1160 vocant,
812 1125 847 1154 de
861 1126 940 1154 nobis
950 1125 1125 1154 benemeritis
1133 1124 1192 1153 Offi-

19 1195 22 1202 ,
71 1165 177 1195 ciorum
188 1163 375 1194 vicissitudine
387 1164 561 1201 respondere.
598 1164 714 1200 Sumpta
728 1163 765 1191 est
775 1163 959 1199 metaphoran
970 1162 1104 1196 Ciconiis,
1126 1171 1191 1199 quas

70 1201 113 1232 illi
123 1204 256 1238 πιλοὲρῃρυς
267 1208 376 1231 vocarit.
399 1202 456 1231 illis
463 1203 538 1231 enim
548 1200 678 1230 naturalis
690 1200 814 1237 quaedam
824 1201 910 1238 pietas
926 1200 1003 1229 insitu
1014 1200 1061 1235 est,
1079 1210 1131 1237 qua
1144 1209 1193 1237 pa-

70 1246 162 1270 rentes
173 1239 248 1268 senio
263 1239 386 1269 defectos
396 1239 473 1268 alunt
484 1261 492 1275 ,
515 1241 540 1269 ἃ
551 1249 615 1268 cum
627 1238 674 1267 sub
684 1238 812 1275 hyemem
824 1238 955 1268 mutanda
966 1238 1042 1267 sedes
1061 1238 1098 1266 est
1115 1259 1123 1272 ,
1144 1246 1193 1266 eos

69 1274 143 1307 'inter
152 1277 179 1306 se
190 1278 298 1306 medios
314 1277 473 1315 recipiunt,
496 1279 522 1307 ἃ
538 1276 697 1306 deficientes
714 1275 762 1305 alis
775 1276 911 1305 sustinent.
954 1276 1039 1312 Quod
1051 1276 1135 1305 etiam
1146 1274 1194 1303 La-

22 1351 23 1354 *
55 1347 62 1354 -.
72 1316 125 1345 tini
136 1315 250 1352 quidam
267 1315 302 1344 ad
315 1316 500 1344 imitationem
512 1315 671 1344 Graecorum
682 1314 827 1342 Ciconiare
837 1321 1012 1342 vocaverunt.

35 1350 153 1385 ANTie
164 1363 239 1382 sius
249 1362 269 1381 τ
279 1363 357 1382 ..ism
368 1375 375 1387 ‚
407 1354 422 1388 [
437 1349 612 1383 abissmeifum
629 1352 643 1386 ]
674 1351 768 1380 Latine
785 1352 886 1380 dicitur
908 1350 1192 1385 Circuiiiobsistentia,

19 1397 23 1432 J
36 1423 39 1428 ¹
73 1391 266 1428 reciprocatio,
282 1390 445 1428 compre-isio
465 1390 589 1427 undique
603 1389 765 1418 circunsusa.
806 1389 913 1418 Dicitur
925 1390 1008 1417 etiam
1021 1387 1195 1425 Antiperista⁴

21 1433 23 1454 J
72 1427 105 1458 sis
120 1429 149 1457 in
162 1428 284 1458 humano
294 1438 427 1466 corpore,
449 1438 513 1457 curn
529 1437 544 1457 e
565 1427 628 1456 loco
640 1427 779 1465 superiore
791 1426 898 1464 spiritus
910 1427 978 1455 infra
988 1432 1146 1461 coercetur,
1168 1426 1195 1455 &

21 1494 23 1500 .
72 1467 133 1496 vice
146 1466 231 1510 versa.
252 1467 335 1504 idque
349 1466 379 1495 lit
389 1476 439 1504 per
457 1465 619 1495 consensum
629 1466 655 1494 ἃ
676 1465 872 1502 cognationem
882 1465 1001 1502 partium
1011 1486 1019 1499 ,
1041 1466 1068 1494 Sc
1079 1463 1133 1493 hoc
1145 1469 1196 1501 pet

21 1506 23 1510 '
71 1505 245 1538 σνμπτιθεωνι.
276 1504 317 1534 Ex
332 1503 398 1533 Lex.
421 1504 506 1533 Graec.

19 1538 23 1559 ²
73 1541 144 1577 Alii,
167 1541 203 1572 sic
223 1542 420 1580 Antiperistafis
440 1542 556 1577 dicitur,
577 1550 627 1578 per
641 1550 723 1578 quam
745 1539 793 1569 ubi
812 1539 933 1569 calidum
949 1540 1006 1574 est,
1028 1539 1095 1568 inde
1111 1538 1196 1576 frigus

92 1589 126 1610 ex
148 1579 256 1609 ellitur:
287 1579 334 1609 ubi
344 1580 474 1617 frigidum
484 1579 522 1608 est
538 1601 545 1614 ,
566 1579 633 1607 inde
659 1577 734 1607 calor
755 1578 918 1606 extruditur.
972 1578 1044 1606 Hinc
1058 1578 1136 1614 putei
1146 1585 1197 1614 per

91 1589 247 1661 hybernum
255 1624 367 1684 stsegipus
380 1617 489 1647 calent:
512 1616 635 1654 quiaillo
647 1616 672 1645 se
691 1615 766 1645 calor
777 1615 912 1651 contulit,
932 1616 1034 1645 cedens
1051 1615 1144 1652 frigori
1155 1613 1197 1643 su-

114 1665 201 1684 eriora
235 1665 251 1684 o
275 1666 283 1684 i
306 1662 373 1684 enti.

18 1696 22 1725 ¹,
38 1665 284 1724 Aniifrnfii'sits
296 1715 304 1728 ,
332 1694 364 1722 is.
387 1702 424 1722 in.
455 1693 470 1728 [
488 1689 625 1725 ’moniis
642 1691 657 1726 ]
685 1691 795 1721 Graecus
817 1688 967 1720 Medicinae
984 1688 1132 1728 professor,
1161 1698 1197 1718 ex

76 1740 132 1768 quo
150 1730 256 1760 dietum
276 1730 405 1760 Clemens
422 1729 498 1760 Alex.
515 1728 562 1759 lib.
576 1739 601 1759 2.
628 1729 733 1767 Paedag.
754 1728 858 1758 retulit.
879 1728 932 1758 viz.
953 1728 1014 1758 Una
1035 1727 1197 1757 morborum

76 1768 155 1798 causa
173 1769 211 1798 est
229 1768 355 1798 ciborum
372 1769 498 1798 varietas.

75 1806 152 1836 Alius
161 1806 244 1844 Olym
269 1829 275 1836 .
289 1815 332 1842 93.
345 1804 444 1836 inediae
453 1805 605 1835 Comoediae
618 1805 709 1834 Poeta.
747 1803 818 1834 Voss.
827 1803 862 1832 de
871 1803 944 1833 Poet.
957 1803 1001 1833 Gr.
1014 1813 1042 1842 p.
1056 1812 1102 1839 41.

76 1843 151 1874 Alius
165 1866 173 1879 ‚
193 1845 251 1874 Scri
273 1845 418 1882 aequitum
430 1843 505 1873 Alex.
515 1843 590 1881 Mag.
606 1843 680 1872 Curt.
701 1851 727 1879 7.
744 1852 766 1871 1.
784 1852 826 1876 15·

4 1909 6 1913 ,
18 1895 20 1898 ·
39 1882 62 1912 ii
71 1891 120 1947 qpr
129 1883 141 1910 f
150 1891 163 1910 Ρ
172 1892 191 1910 H
200 1884 245 1950 Ᾰίἔ
256 1892 270 1910 a
279 1892 291 1911 s
302 1904 310 1917 ,
331 1884 346 1918 [
365 1879 506 1917 ’ΛνΖφοὶτης
521 1881 536 1917 ]
556 1882 619 1911 Fuit
630 1880 702 1910 filius
714 1880 817 1910 nothus
825 1879 991 1917 Sarpedonis
1000 1901 1009 1914 ,
1036 1885 1067 1908 ut
1076 1878 1113 1908 est
1122 1876 1198 1916 apud

101 1929 124 1948 ir
145 1942 149 1948 .
186 1942 191 1949 .
243 1929 270 1949 n.
289 1924 304 1949 6
327 1924 352 1949 6.

75 1929 220 1988 Fuiiiit‘izm
240 1930 402 1995 Antighates
418 1966 466 1987 rex
475 1956 694 1993 Laestrygonum,
716 1965 732 1984 a
748 1955 846 1992 quibus
859 1954 978 1992 Ulysses,
1000 1954 1114 1990 ejusque
1131 1953 1198 1983 socii

95 1995 130 2024 ad
140 2004 226 2024 unum
237 1995 365 2033 discerpti
376 1994 462 2024 essent
481 1994 529 2023 nisi
540 1994 651 2023 funibus
668 1993 850 2023 anchorarum
863 1992 977 2030 praecilis
992 1992 1198 2029 quamprimum

95 2042 112 2062 e
122 2039 205 2070 portu
218 2032 356 2063 solvissent
365 2055 373 2068 ,
394 2031 502 2070 seseque
514 2033 544 2061 iri
555 2032 640 2061 altum
652 2030 831 2068 recepissent:
854 2040 908 2068 quo
925 2040 959 2059 ex
970 2029 1092 2067 periculo
1104 2035 1198 2058 tamen

95 2080 153 2100 non
171 2080 269 2101 omnes
289 2080 371 2100 naves
384 2069 495 2099 servata}
510 2069 573 2099 sunt
583 2092 591 2106 ,
614 2069 660 2099 scd
672 2069 778 2105 aliquot
793 2078 856 2097 cum
872 2068 1028 2098 veeioribus
1046 2067 1196 2105 perierunt.

95 2108 247 2138 Narrantur
256 2109 315 2138 haec
326 2110 359 2138 ab
372 2107 462 2145 Ulyss'e
477 2108 572 2145 Odyss.
594 2120 618 2136 κ.
641 2107 772 2137 Meminit
791 2106 856 2136 Hor.
880 2106 915 2136 de
926 2107 990 2135 Arte
999 2105 1073 2135 Poet.
1106 2104 1137 2134 V.
1160 2110 1199 2134 et-

94 2147 150 2176 iam
165 2146 212 2176 Sil.
227 2152 253 2180 8.
268 2155 328 2183 531·
356 2147 382 2176 δι
397 2156 457 2183 quae
472 2146 512 2175 ibi
530 2145 673 2175 adnotavit
693 2144 791 2174 Cellar.

41 2183 91 2216 AN
101 2193 163 2213 τη
174 2194 242 2213 nsi.
252 2194 293 2213 Lo
303 2194 314 2213 s
324 2206 332 2219 ,
354 2186 369 2220 [
384 2180 544 2215 mmm&
558 2183 573 2218 ]
593 2182 664 2212 Urbs
673 2183 713 2212 est
729 2204 737 2217 ,
761 2192 821 2219 quae
838 2180 979 2218 quondam
993 2179 1143 2216 Habessus,
1160 2186 1200 2210 at-

16 2236 23 2246 r
80 2231 132 2260 que
142 2222 171 2250 in
179 2221 283 2251 recessu
298 2221 406 2251 Phellus
415 2228 575 2259 nuncupata
584 2221 629 2250 est.
660 2220 728 2249 Plin.
741 2220 790 2249 lib.
804 2231 827 2255 ς.
838 2228 897 2256 cap.
913 2227 957 2255 27.

2 2241 23 2310 i
42 2259 138 2290 Ami
148 2269 189 2289 PH
199 2269 214 2288 iz
223 2270 238 2288 a
247 2269 296 2289 NA
307 2281 316 2294 ,
342 2261 357 2296 [
371 2256 494 2294 ἀνῗέφεςνοι
509 2260 524 2294 ]
554 2259 685 2288 dicuntur
703 2258 741 2288 Ea
756 2267 816 2294 quae
826 2257 939 2286 maritus
952 2256 1094 2285 constante
1105 2256 1200 2286 matri-

14 2314 24 2345 ]
77 2297 174 2327 monio
186 2297 341 2333 uxorisuae
358 2297 431 2335 quasi
448 2297 658 2327 remunerandae
676 2296 750 2325 dotis
770 2295 849 2325 causa
866 2294 988 2332 largitur.
1009 2294 1027 2323 l.
1041 2292 1090 2323 ult.
1109 2294 1139 2323 C.
1162 2294 1199 2323 de

18 2360 24 2374 ,
79 2335 173 2366 donat.
186 2342 250 2365 ante
266 2342 344 2373 nupt.
363 2335 491 2365 Hottoni.
508 2335 543 2364 de
554 2335 614 2364 Ver.
626 2334 682 2363 Rit.
695 2334 784 2372 Nupt.
798 2343 858 2370 cap.
872 2336 898 2361 6.

19 2379 23 2398 t
43 2373 315 2407 nuvimagon,
336 2374 419 2402 ontis.
442 2383 480 2403 m.
503 2369 651 2409 [ἀνῖιφέρων
670 2373 685 2407 ]
707 2373 725 2401 i.
743 2381 767 2401 e.
790 2370 909 2401 Obviam
922 2370 948 2399 se
962 2370 1069 2404 ferens,
1087 2368 1198 2405 qualem

5 2403 25 2435 ³3
79 2420 115 2441 ex
133 2411 241 2441 Aristot.
262 2410 391 2441 describit
407 2411 512 2440 Seneca
534 2411 595 2440 Nat.
608 2410 708 2447 Quaest.
722 2419 744 2438 1.
761 2419 785 2446 3.
816 2409 872 2444 Qui
886 2408 940 2437 hoc
955 2417 1054 2445 genere
1066 2407 1198 2436 valetudi-

4 2432 25 2496 ζ]
78 2449 122 2478 nis
138 2448 245 2478 laborat
263 2455 294 2478 ut
310 2448 368 2487 ipse
382 2448 431 2478 sibi
448 2449 574 2478 videatur
591 2456 752 2483 occurrere,
784 2452 813 2476 ut
831 2446 933 2483 ubique
952 2445 1102 2482 imaginem
1122 2445 1197 2475 suam

2 2499 5 2508 ³
79 2492 184 2516 cernat.

17 2538 20 2543 ·
44 2520 304 2559 ΑΝτιΡΗιιυε,
335 2520 514 2560 [Ἀνῖἱφιλῶ
529 2523 543 2558 ]
563 2523 653 2553 Ρὶᾶοι·
670 2521 792 2558 nobilis,
814 2521 842 2550 in
860 2520 979 2558 ffigypto
995 2526 1094 2553 natus,
1115 2521 1162 2587 (ξύ
1181 2530 1197 2550 a

50 2574 57 2579 ·
80 2561 235 2592 Ctesidemo
245 2562 345 2591 didicit
353 2570 440 2591 artem
451 2562 585 2599 pingendi
595 2560 702 2598 Grylios
714 2582 721 2595 ,
741 2570 810 2597 quos
821 2566 937 2593 vocant,
958 2557 1077 2588 ridiculo
1090 2558 1125 2587 ha
1146 2559 1196 2587 itu.

53 2606 57 2610 *
79 2599 122 2630 De
134 2600 187 2629 hoc
197 2599 266 2629 Plin.
278 2599 330 2628 lib.
344 2609 386 2635 35.
403 2609 463 2637 cap.
481 2609 521 2628 10.
560 2599 590 2628 V.
617 2608 766 2628 GRYLLU
777 2608 796 2627 s.

79 2637 143 2668 Fuit
152 2639 178 2668 &
191 2636 294 2676 Apellis
305 2638 417 2674 quidam
434 2636 548 2666 aeniulus
558 2659 566 2672 ,
588 2637 634 2674 qui
644 2658 652 2671 ,
673 2645 737 2665 cuni
749 2635 823 2673 apud
836 2634 1013 2664 Ptolemaeum
1024 2633 1148 2671 Apellem
1159 2632 1199 2662 es-

97 2675 139 2705 set
146 2674 330 2705 calumniatus
341 2675 416 2712 quod
426 2684 489 2704 cum
499 2675 649 2704 Theodota
656 2673 838 2707 consensisset,
857 2673 904 2710 qui
917 2673 944 2700 in
957 2681 1049 2709 regem
1059 2671 1199 2708 conspira-

100 2714 207 2743 tionem
217 2714 328 2747 fecerat,
340 2715 366 2743 St
379 2723 393 2742 a
407 2712 527 2750 quodam
536 2712 736 2748 conjurationis
747 2711 857 2740 conscio
869 2711 924 2747 regi
935 2709 1105 2744 innotuisset,
1119 2709 1199 2747 Apei-

97 2750 154 2781 lem
165 2750 425 2789 iniqueinsimulari,
436 2749 598 2779 Ptolemaeus
613 2750 701 2788 polito
716 2748 947 2786 furore,Apellem
958 2746 1068 2776 talentis
1083 2754 1197 2776 centum

56 2791 58 2798 '
98 2789 232 2824 donavit,
253 2789 371 2825 eiquein
385 2788 544 2818 servitutem
558 2787 789 2818 calumniatorem
811 2783 985 2824 Antiphilum
1006 2785 1123 2815 addixit.
1145 2785 1198 2814 Au·-

15 2851 18 2853 .
99 2827 163 2856 thor
179 2826 318 2856 Liicianus
338 2824 391 2856 ωὲιέ
419 2824 539 2855 &arcemn

44 2863 195 2900 §inriti-i
205 2874 221 2894 o
231 2874 250 2893 N
260 2886 268 2899 ,
290 2864 372 2896 ontis.
392 2873 430 2892 m.
453 2860 591 2899 ['A›Z<031
606 2863 621 2898 ]
641 2862 824 2892 Rhamnusius
836 2866 928 2890 orator
935 2860 1074 2897 antiquus.
1108 2860 1198 2897 Quin-

12 2923 18 2938 =‚
63 2913 66 2915 ’
82 2902 125 2932 til.
135 2901 182 2932 lib.
197 2912 222 2938 3.
235 2912 296 2940 cap.
316 2912 338 2931 1.
391 2901 454 2931 Hoc
470 2901 611 2930 neminem
621 2901 720 2930 melius
730 2899 842 2930 oravisse
854 2897 961 2928 causam
971 2898 1069 2935 capitis
1079 2918 1088 2932 ,
1110 2906 1197 2934 quum

10 2943 17 2971 f
70 2940 108 2970 se
126 2940 183 2978 ipse
205 2939 370 2969 defenderet
383 2961 391 2974 ,
411 2938 537 2977 locuples
555 2939 592 2968 est
602 2939 702 2968 author
722 2937 911 2975 Thucydides.
952 2936 1041 2971 Hujus
1067 2937 1197 2965 meminit

40 2975 65 3010 22,
78 2977 141 3008 Cic.
153 2978 183 3007 in
192 2977 285 3007 Bruto.
307 2977 461 3007 Sciendum
473 2986 508 3006 ex
516 2977 691 3013 Hermogene
701 2976 736 3006 de
748 2976 837 3006 Form.
849 2974 926 3004 Orat.
942 2983 966 3002 2.
981 2983 1005 3002 2.
1018 2983 1045 3011 p.
1056 2976 1118 3008 496.
1131 2983 1197 3003 eum

14 3019 16 3049 Ῐ
57 3014 174 3054 *plures
191 3016 294 3045 fuerint
311 3015 496 3052 Antiphontes
510 3024 545 3044 ex
560 3015 603 3044 his
625 3015 695 3043 duos
714 3012 892 3043 Athenienses
912 3011 990 3040 fuiffe
1003 3032 1023 3047 ,⁸
1039 3020 1197 3048 quanquam

64 3083 65 3086 ,
83 3053 219 3087 confundi
228 3052 326 3092 passim
334 3062 381 3082 eos
389 3053 492 3087 videas,
504 3062 571 3089 quos
579 3052 678 3081 Suidas
688 3052 830 3089 distinguit
841 3073 849 3085 ,
871 3050 953 3087 qui&
963 3048 1077 3078 tertium
1086 3049 1196 3077 videtur

44 3089 59 3113 ’ἵ
83 3091 211 3127 adjicere.
251 3091 292 3120 Ab
307 3097 423 3128 utroque
434 3090 643 3128 distinguendus
658 3090 697 3119 est
707 3089 788 3119 &ille
800 3088 940 3125 Antiphon
951 3087 997 3124 qui
1010 3086 1129 3124 Philippi
1140 3096 1197 3115 rna-

82 3129 131 3168 gni
144 3151 153 3163 ,
182 3129 236 3158 five
254 3127 376 3158 Platonis
390 3134 469 3157 aetate
492 3129 546 3164 (ut
562 3127 646 3157 habet
666 3127 734 3156 Voss.
759 3137 820 3165 cap.
842 3138 884 3162 54.
915 3125 950 3154 de
968 3124 1071 3153 Scieiit.
1092 3124 1194 3153 Matth.

16 3182 19 3185 ⁴
83 3176 112 3204 p.
123 3168 200 3203 327.)
221 3167 415 3202 quadraturam
425 3165 520 3195 circuli
530 3166 655 3195 invenire
665 3165 777 3194 studuit.
819 3164 928 3194 Mentio
936 3163 995 3198 ejus
1004 3163 1078 3199 apud
1088 3162 1194 3191 Aristot.

52 3216 68 3245 .'*
86 3204 203 3242 1.Soph.
215 3203 329 3233 Elench.
343 3213 369 3233 2.
397 3204 424 3234 «Sc
438 3214 461 3233 1.
478 3203 553 3241 Phys.
564 3213 590 3233 2.
611 3203 718 3233 forte&
730 3213 755 3233 2.
774 3202 850 3240 Phys.
864 3211 887 3231 1.
909 3200 983 3233 conf.
1002 3200 1036 3229 de
1048 3199 1096 3229 illo
1107 3201 1133 3229 δι
1147 3208 1196 3228 no-

15 3267 19 3271 .
82 3250 146 3278 veni
156 3241 217 3271 aliis
226 3241 245 3271 F
247 3241 303 3271 abr.
313 3241 383 3271 Bibl.
396 3241 442 3271 Gr.
454 3251 480 3270 2.
495 3245 539 3270 26.
553 3251 579 3271 2.

44 3271 348 3329 24RNTirH6NA‚·ae.
370 3279 389 3308 f.
410 3279 596 3323 ScihCantio.
618 3280 634 3315 [
648 3274 813 3317 d2·2÷'<pm3&]
833 3276 894 3306 Vox
904 3277 1064 3314 reciproca,
1083 3274 1197 3318 duobus

53 3324 74 3361 gf.
84 3317 174 3347 choris
184 3317 340 3346 alternatim
356 3316 551 3355 psallentibus,
572 3323 722 3354 interprete
733 3316 837 3346 isidoro
853 3318 879 3344 6.
896 3325 938 3351 19.
975 3314 1018 3343 De
1031 3313 1199 3351 antiphona-

0 3365 3 3375 ·
18 3375 19 3378 =
70 3359 71 3362 ’
86 3361 147 3384 rum
157 3355 263 3393 origine
273 3357 298 3385 ἃ
307 3355 447 3393 progressu
461 3355 489 3384 V.
504 3353 667 3393 spelmanni
678 3353 761 3384 Gloss.

51 3391 100 3422 ΔΝ
108 3402 129 3422 τ
138 3403 147 3421 1
155 3403 169 3422 1²
180 3403 200 3422 11
210 3403 225 3422 a
233 3396 250 3422 Ᾰ
260 3403 271 3422 s
282 3404 291 3421 1
301 3403 312 3422 s
324 3415 332 3428 ‚
362 3393 380 3422 f.
404 3394 419 3428 [
431 3389 569 3428 ἀντὶφρρισις
582 3393 597 3427 ]
625 3391 723 3430 Figura
732 3390 770 3421 est
779 3396 865 3428 quum
879 3398 927 3426 per
937 3389 1105 3419 contrarium
1115 3387 1198 3417 verba

87 3430 232 3460 dicuntur:
253 3431 398 3465 utParcae,
420 3430 729 3468 quianeininiparcant.
750 3430 786 3458 sic
801 3428 916 3462 Manes,
939 3428 1002 3464 quia
1012 3436 1069 3455 non
1079 3425 1198 3460 suntho-

84 3468 124 3498 ni.
147 3469 261 3498 Manum
271 3469 348 3497 enim
356 3491 365 3504 ,
391 3468 495 3506 antiqui
505 3467 615 3497 Bonum
624 3467 763 3497 dicebant.
803 3466 845 3495 Ex
854 3465 965 3494 Donato
976 3466 1001 3495 ἃ
1010 3463 1112 3494 Servio.
1135 3464 1197 3493 Vid.

106 3505 165 3536 lura
174 3506 302 3544 exempla
312 3506 387 3544 apud
398 3505 517 3543 Quintil.
530 3505 578 3534 lib.
592 3511 617 3538 8.
631 3515 691 3542 cap.
708 3509 733 3534 6.
755 3504 825 3534 Geli.
842 3513 852 3532 1
862 3513 883 3531 1.
900 3514 922 3531 1.
949 3504 975 3532 &
990 3513 1036 3538 19.
1046 3512 1072 3539 7.
1101 3501 1156 3531 Sed
1169 3502 1200 3530 in

86 3515 129 3573 liis
143 3550 222 3573 caute
231 3544 369 3579 agendum
380 3553 415 3573 rie
430 3544 564 3581 fingamus
583 3543 757 3581 Antiphrasin
774 3542 821 3571 ubi
837 3538 913 3569 nulla
921 3540 959 3569 est
972 3550 978 3570 :
1001 3541 1041 3569 uti
1050 3540 1155 3569 fat‘tuin
1169 3540 1200 3568 in

86 3580 160 3610 Luco
171 3602 179 3617 ,
200 3581 278 3610 Ludo
289 3603 297 3617 ,
318 3581 386 3616 Dis,
407 3583 459 3611 Sec.
479 3581 599 3610 ostendit
619 3589 702 3618 atque
717 3581 789 3609 ridet
799 3577 919 3616 Quintil.
937 3588 960 3606 1.
973 3581 998 3606 6.
1011 3587 1038 3615 p.
1056 3583 1101 3611 80·
1139 3577 1199 3606 Imo

9 3613 26 3686 1
87 3618 149 3648 sunt
162 3619 265 3648 eruditi
277 3620 322 3656 qui
340 3626 444 3657 negent
463 3618 554 3648 ullum
571 3618 739 3648 vocabulum
755 3617 808 3646 esse
830 3626 879 3654 per
896 3615 1064 3653 antiphrasin
1082 3615 1200 3650 dietum,

10 3682 21 3697 s.
87 3664 119 3686 ut
132 3656 197 3686 Luc.
208 3656 308 3692 Joann.
318 3657 443 3695 Scoppa‚
467 3667 491 3685 1.
514 3655 629 3686 Collesst,
651 3662 693 3690 18.
728 3656 820 3693 Quem
837 3654 944 3683 secutus
967 3652 1071 3682 Vossius
1086 3648 1202 3688 divio&-

7 3700 23 3743 1
88 3705 120 3728 ,σιν
142 3700 224 3724 vocat
253 3695 335 3724 inane
362 3695 611 3724 Grammaticorum
635 3700 828 3724 commentum
844 3691 863 3720 f.
895 3694 956 3727 196.
983 3690 1105 3728 Etymol.
1131 3699 1202 3720 voce

6 3745 21 3758 w

3 2139 8 2158 l

3 2177 10 2195 1

4 2200 23 2230 ii

89 3730 186 3761 Lucus.
452 3742 455 3745 ·

87 3768 157 3799 Item
168 3779 212 3807 ap.
224 3769 316 3799 Rhett.
327 3770 366 3799 est
375 3766 474 3807 Figura
486 3769 629 3799 sententiat
642 3791 650 3805 ‚
671 3778 736 3800 cum
744 3767 869 3806 quaedam
878 3774 1009 3805 negamus
1021 3775 1072 3795 nos
1090 3766 1202 3801 dicere,

106 3808 132 3837 ἃ
142 3814 234 3837 tamen
245 3807 364 3837 dicimus
375 3817 381 3837 1
404 3813 435 3837 ut
445 3808 520 3845 apud
531 3806 670 3837 Lucilium
683 3830 691 3842 ,

166 3845 232 3874 Non
249 3852 332 3883 tango
353 3845 428 3881 quod
445 3855 539 3878 avarus
561 3846 647 3875 homo
663 3845 722 3876 est:
750 3843 881 3882 quodque
900 3838 1064 3880 improbus,
1093 3842 1203 3872 omitto.

88 3877 123 3912 Et
139 3883 214 3921 apud
234 3882 303 3921 Virg.
315 3893 341 3914 2.
358 3883 458 3922 Georg.
473 3887 515 3914 16.
1066 3882 1069 3886 ’

1638 78 1664 111 Α
1762 79 1796 112 N
1894 80 1924 114 T
2315 92 2334 118 2
2347 90 2382 126 1ς

1350 155 1425 198 Quid
1437 165 1587 186 memorem
1607 166 1693 187 ortus
1703 180 1709 192 ,
1732 158 1906 196 Lucrinoque
1918 159 2010 188 addita
2022 160 2158 190 claustra?
2180 160 2274 190 Latine
2285 163 2386 192 dicitur

1313 191 1439 222 Oiniilzo.
1481 195 1545 223 liae
1556 195 1588 229 ‚lu
1604 219 1608 224 .
1626 196 1717 224 Ruiiu.
1730 197 1757 224 in
1773 196 1818 225 lib.
1845 198 1879 226 de
1892 197 2052 226 Schematis.

1238 228 1410 257 ANTU‘HL‘
1422 240 1455 271 S«,
1486 231 1631 275 [7³22ngn
1647 233 1662 267 ]
1683 233 1780 261 Priami
1799 234 1870 263 silius
1888 243 1922 263 ex
1946 233 2059 263 Hecuba
2075 255 2082 268 ,
2104 243 2184 270 quem
2200 236 2387 272 Agamemnon

1276 274 1329 328 uqa
1340 267 1461 332 quindiu1
1470 268 1564 332 sii-atre,
1586 270 1632 298 led
1651 269 1797 307 illegitimo
1813 271 1893 300 thoro
1911 280 1976 300 nato
1988 293 1996 305 ,
2018 272 2046 299 in
2057 270 2130 300 bello
2140 271 2262 307 Trojano
2275 273 2387 302 interse-

1275 312 1321 329 c2.
1344 312 1402 339 :po
1427 315 1471 332 or.

1276 339 1337 367 suit
1350 341 1374 368 ἁ
1385 326 1604 384 Antiphus'alter,
1618 345 1689 374 filius
1699 344 1829 379 Thessali,
1839 345 1989 383 [Hyginffi.
2004 353 2048 381 97.
2063 345 2197 382 Corrupte
2207 345 2347 384 Mnesyli]
2361 349 2388 376 Sc

1296 386 1382 419 nepos
1394 378 1517 421 ¹⁷¹⁰¹LC3¹¹¹5
1528 402 1535 408 .
1554 383 1598 418 qui
1613 393 1674 410 cuni
1690 383 1771 412 fratre
1782 383 1919 420 Phidippo
1931 384 1987 411 dux
2005 383 2115 420 triginta
2125 383 2234 411 nuvium
2252 391 2315 412 curn
2331 384 2390 412 aliis

1295 413 1436 456 (τῐέψ-Ἧξςῒ
1453 415 1555 458 [1913111
1569 420 1711 456 navigavit,
1722 426 1751 449 ut
1761 420 1798 449 est
1809 421 1882 458 apud
1893 421 2003 449 Homer.
2014 420 2043 449 ll.
2053 430 2078 449 2.
2095 430 2119 449 v.
2137 425 2197 455 ¹85·
2217 419 2292 449 Alius
2307 420 2391 457 Pylae-

1295 459 1384 477 menis
1398 451 1445 479 [⁴11.
1457 452 1522 481 ibid.
1537 465 1560 483 v.
1576 465 1636 490 ³⁷⁷¹·

1240 487 1288 515 ,ΛΝ
1304 488 1469 532 ι’ζΡῑ1ῡῈ5,
1499 492 1772 532 11111,[Ἀ1π’πυῖις]
1813 494 1841 523 V.
1864 503 2175 524 ANTicH'rHONES.

1240 524 1259 552 Λ
1273 533 1475 567 ΝῊΡΟΗέ,
1497 537 1526 573 ¹3:
1549 529 1565 557 f·
1586 532 1611 572 '[
1628 530 1756 557 Ἀντὶπολιε
1778 533 1791 566 ]
1812 532 1906 560 Gillia-
1926 532 2108 561 Narbonensis
2127 532 2209 565 urbs,
2231 531 2389 563 Ptolemaeo.

1277 561 1359 602 ‘'¹¹¹3“
1377 565 1462 603 aagm,
1502 564 1531 593 W.
1555 566 1621 595 Phn.
1639 577 1663 602 3.
1676 579 1702 602 4.
1723 569 1844 598 Tacita.
1862 570 1927 598 llist.
1943 580 1983 605 ις.
1998 579 2020 604 3.
2043 570 2079 598 est
2089 570 2172 598 etiam
2185 569 2394 599 Transtiberina

1277 597 1364 635 Regio
1377 608 1403 626 in
1415 608 1490 635 parte
1500 600 1594 634 Roma:
1607 626 1614 638 ,
1635 614 1694 640 qua:
1706 615 1779 634 nunc
1792 606 1956 641 janiculum.
1976 608 2045 636 Plin.
2062 617 2084 643 3.
2103 619 2126 639 ς.

1241 636 1543 710 Αᾙῑῗέζῑὲἱᾷυ
1556 650 1566 667 S
1582 662 1590 673 ³
1621 650 1635 669 a
1648 663 1655 676 ,
1685 651 1740 671 um.
1771 643 1830 678 Adj.
1863 652 1908 679 ut,
1929 644 2109 682 Antipolitani
2128 644 2235 681 thynni.
2272 643 2392 673 martial.

1310 690 1328 700 ).
1340 694 1366 706 st·
1419 695 1424 701 .
1445 688 1456 702 t
1529 698 1535 703 .
1554 686 1612 711 103.

1242 710 1291 739 ΑΝ
1308 714 1474 752 {13'1'5818
1487 733 1494 745 2
1531 713 1561 757 ij*-
1583 715 1601 742 f.
1625 717 1639 749 [
1654 712 1786 757 άιήπἹωωξ
1801 718 1816 751 ]
1851 717 1948 751 Figura
1965 719 2002 748 est
2013 719 2206 756 grammatica,
2229 719 2318 756 poetis
2334 728 2395 756 per-

1280 747 1374 813 ppixlal,
1397 758 1482 784 quum
1501 758 1576 779 caius
1590 761 1639 788 pro
1663 751 1717 780 alio
1739 754 1800 781 calu
1817 755 1935 790 ponitur.
1958 764 2003 791 ut,
2025 757 2049 786 lt
2068 756 2171 785 clamor
2186 756 2279 792 coelo,
2299 767 2349 794 pro
2362 757 2396 785 ln

1314 795 1323 802 ³
1338 795 1353 813 u
1364 795 1392 813 ii.

1244 823 1291 851 Au
1303 831 1320 849 1·
1330 833 1337 849 1
1349 832 1414 865 Prii
1424 832 1441 851 e
1452 833 1484 852 us
1494 845 1502 857 ,
1523 825 1539 859 [
1555 822 1725 860 Α’νιᾶπυςγῶ-
1741 826 1755 860 ]
1777 826 1919 856 Ptolemae
1932 829 1993 858 urbs
2005 831 2181 862 Marmarici-3.
2203 832 2331 861 Straboni
2341 830 2398 860 Te-

1281 867 1425 896 trapyrgia.
1447 861 1530 898 vulgo
1547 862 1633 891 lacha,

1245 899 1293 926 AN
1306 906 1319 924 ’1
1333 901 1466 933 iquos,
1487 910 1512 942 a,
1535 909 1590 928 uni.
1613 899 1769 936 [ἁξχαῑὶίῦυ.
1789 903 1899 942 ‚mimir
1916 904 1930 936 J}
1952 904 2009 937 ior,
2031 905 2140 934 illimus.
2165 906 2235 936 Virv.
2254 916 2275 934 1.
2295 905 2394 943 Ceorg.

1284 943 1347 968 209-
1430 938 1617 981 Antiquusque
1635 937 1735 966 domos
1753 947 1851 967 avium.
1895 939 1944 968 Ubi
1958 942 2073 976 Sei-vius,
2096 934 2249 972 nuti-eve'm
2260 944 2396 980 antiquus,

1283 978 1330 1001 aut
1351 972 1452 1002 charas.
1495 975 1524 1002 V.
1548 978 1625 1003 uitia.

1282 1009 1406 1045 Quidam
1415 1011 1535 1054 statuunt
1546 1013 1619 1054 idem
1631 1012 1777 1049 significare
1788 1022 1820 1041 ac
1833 1012 1932 1047 Vetus,
1952 1014 2011 1044 aliis
2021 1017 2127 1045 videtui·
2141 1018 2284 1053 Anti-nium
2299 1019 2396 1053 maius,

1302 1047 1386 1076 Vetus
1399 1057 1491 1077 minus
1508 1050 1570 1078 elie.
1613 1051 1694 1079 Aiunt
1711 1059 1812 1087 nempe
1832 1050 1940 1079 Veteres
1949 1052 2002 1080 esse
2017 1054 2062 1088 qui
2079 1054 2169 1090 paullo
2189 1064 2309 1083 ’.1111611115
2323 1056 2399 1083 vixe-

1303 1092 1385 1120 runt,
1409 1086 1542 1123 Antiquos
1562 1110 1569 1122 ,
1591 1089 1637 1124 qui
1652 1096 1713 1116 unte
1723 1096 1826 1116 veteres
1839 1089 1938 1117 vixere.
1980 1089 2280 1120 Distinttioneiiietiam
2301 1101 2399 1129 petunt

1302 1121 1423 1166 al’lauto
1439 1145 1448 1158 ,
1470 1125 1515 1160 qui
1528 1125 1586 1153 hiet·
1597 1126 1652 1154 duo
1662 1126 1835 1163 coniungens
1845 1147 1852 1159 ,
1873 1133 1951 1155 vetus
1962 1148 1969 1159 ,
1991 1127 2031 1155 uti
2044 1129 2133 1156 minus
2145 1151 2152 1161 ,
2174 1140 2262 1165 priore
2275 1129 2335 1157 loco
2350 1140 2400 1166 po-

1303 1166 1363 1203 nit3
1375 1160 1452 1190 Trin.
1467 1171 1492 1190 2.
1504 1171 1528 1191 2.
1541 1173 1586 1197 99.
1611 1163 1755 1192 Historiam
1766 1165 2125 1201 vetereiiiatqueantiquam
2136 1166 2192 1194 have
2206 1177 2265 1195 mei
2275 1167 2401 1196 senectus

1302 1197 1422 1240 sustinet.
1460 1199 1546 1235 Quod
1563 1208 1655 1230 tamen
1665 1207 1757 1230 contra
1775 1200 1801 1229 si:
1812 1201 1894 1229 haber
1909 1202 1938 1229 in
1953 1201 2051 1230 Bacch.

1285 1236 1462 1280 Antiquum3
1474 1239 1563 1273 &jani
1575 1238 1737 1267 obsoletum.
1761 1238 1817 1267 Cic.
1834 1249 1856 1274 3.
1872 1239 1941 1267 Verr.
1958 1244 2000 1272 56.
2043 1239 2140 1268 Vereor
2152 1250 2185 1268 ne
2196 1245 2252 1269 12ch
2264 1241 2333 1270 forte
2343 1242 2401 1270 cui.

1304 1282 1386 1309 quam
1395 1284 1477 1304 nimis
1491 1276 1603 1313 antiqua
1614 1278 1638 1306 Sc
1648 1277 1702 1312 jani
1714 1276 1836 1305 obsoleta
1854 1277 2007 1305 videuitur.

1284 1311 1405 1348 Antiquo
1415 1322 1499 1350 opere
1518 1323 1549 1342 ac
1560 1314 1664 1343 summa
1683 1320 1740 1343 arte
1760 1314 1890 1351 penetro.
1914 1314 1971 1342 Cic.
1985 1317 2009 1343 6.
2030 1313 2102 1343 Verr.
2117 1324 2160 1351 72.
2198 1314 2268 1344 Item
2280 1324 2305 1344 2.
2325 1315 2401 1346 Verr-

1305 1348 1412 1378 Affabre
1423 1356 1504 1387 atque
1519 1351 1705 1388 antiquissimo
1716 1352 1830 1380 artificio
1842 1351 1928 1381 factus
1940 1352 2017 1381 deus.

1287 1385 1391 1416 Cedrus
1402 1389 1521 1425 antiqua.
1544 1389 1614 1425 Virg.
1627 1398 1651 1426 7.
1671 1390 1731 1420 AEn.
1748 1395 1806 1425 178.

1287 1424 1483 1462 Antiquissimae
1500 1427 1600 1463 cuique
1615 1427 1735 1464 epistolae
1746 1426 1920 1464 respondere.
1951 1426 2009 1456 Cic.
2023 1436 2049 1461 9.
2067 1426 2120 1455 Att.
2141 1436 2164 1461 9.
2197 1425 2265 1455 Tres
2276 1428 2406 1464 epistolas

1307 1468 1368 1492 tuas
1377 1465 1474 1501 accepi
1508 1465 1616 1494 ostridie
1625 1465 1698 1494 idus.
1722 1472 1800 1493 erant
1808 1471 1899 1494 autem
1911 1463 1964 1493 111ae
1975 1465 2059 1493 tertiae
2069 1464 2159 1502 pridie
2175 1464 2237 1493 idus
2252 1465 2330 1493 datae.
2355 1466 2405 1503 igi-

1306 1506 1350 1543 tur
1363 1502 1466 1538 antiqui
1492 1512 1552 1531 imae
1571 1503 1672 1540 cuique
1686 1503 1807 1540 primum
1818 1501 2000 1539 respondebo.

1288 1537 1433 1579 Antiquior
1446 1539 1505 1569 dies
1513 1539 1748 1578 adscriptaliteris.
1772 1540 1829 1569 Cic.
1847 1549 1870 1575 3.
1892 1540 1927 1575 Q.
1939 1539 1998 1569 frat.
2015 1550 2038 1568 1.
2067 1539 2140 1568 Nam
2150 1539 2218 1568 mihi
2231 1549 2286 1568 uno
2296 1540 2340 1568 die
2350 1547 2406 1570 tres

1307 1577 1369 1604 lunt
1380 1577 1494 1606 redditae
1508 1600 1515 1613 ‚
1536 1579 1561 1607 δι
1576 1578 1706 1615 quidem,
1728 1584 1758 1606 ut
1765 1576 1930 1606 videbantur
1945 1599 1952 1611 ,
1972 1577 2073 1606 eodem
2083 1577 2130 1605 abs
2142 1584 2169 1605 te
2180 1577 2249 1606 datie
2261 1586 2402 1615 ternpore:

1307 1623 1362 1642 una
1372 1613 1495 1651 pluribus
1506 1615 1595 1644 verbis
1603 1637 1611 1651 ,
1631 1617 1661 1644 in
1676 1625 1728 1652 qua
1739 1616 1857 1653 primum
1874 1622 1932 1644 erat
1943 1615 2018 1652 quod
2027 1615 2165 1652 antiquior
2172 1614 2231 1643 dies
2240 1615 2268 1643 iii
2278 1616 2330 1644 tuis
2343 1612 2407 1644 fuis-

1305 1650 1345 1679 set
1361 1651 1495 1690 adscripta
1509 1653 1612 1688 literis,
1634 1663 1715 1690 quam
1727 1654 1756 1681 in
1770 1652 1887 1681 Caesaris.

1288 1687 1377 1718 censu
1393 1691 1507 1727 antiquo
1528 1691 1613 1720 dives.
1636 1691 1702 1720 Hor.
1719 1700 1745 1719 2.
1756 1690 1842 1719 Serm.
1857 1700 1879 1726 3.
1897 1693 1957 1726 169.

1287 1725 1362 1755 inter
1379 1727 1464 1757 Senes
1474 1750 1481 1763 ‚
1505 1728 1632 1763 Veteres,
1655 1730 1681 1758 δί
1696 1728 1837 1765 Antiquos.
1879 1727 1964 1756 Senes
1977 1748 1984 1762 ,
2010 1733 2145 1757 vocantur
2161 1733 2294 1763 quantum
2303 1727 2338 1756 ad
2353 1728 2408 1765 pri.

1309 1770 1399 1794 vatam
1413 1765 1534 1803 ipsorum
1545 1767 1631 1795 vitam
1641 1788 1648 1799 ,
1671 1766 1745 1803 quod
1756 1765 1885 1802 usquead
1896 1765 2009 1794 senilem
2022 1771 2130 1794 aetatem
2150 1766 2287 1794 vixerunt.
2330 1765 2407 1794 Vete-

1306 1811 1349 1831 res
1364 1824 1372 1838 ,
1392 1811 1525 1840 quantum
1535 1804 1570 1832 ad
1585 1803 1730 1841 publicum
1742 1810 1852 1840 tenipus
1862 1824 1870 1838 ,
1890 1803 1965 1839 quod
1983 1802 2035 1831 alia
2045 1810 2124 1832 aetate
2136 1803 2281 1837 vixerunt,
2301 1803 2408 1832 etiamsi

1308 1840 1344 1868 ad
1365 1839 1472 1870 senium
1491 1851 1550 1870 non
1563 1842 1756 1879 pervenerint:
1778 1841 1852 1869 unde
1870 1840 1983 1877 quidam
1999 1840 2120 1874 juniores
2132 1862 2139 1874 ,
2160 1839 2271 1868 fuerunt
2287 1839 2410 1870 seniores

1307 1878 1454 1908 veteribus.
1505 1879 1634 1915 Antiqui,
1656 1880 1763 1916 utrique
1774 1878 1904 1907 dicuntur
1918 1888 1924 1904 :
1947 1877 1993 1906 sed
2007 1879 2092 1916 magis
2112 1882 2215 1907 veteres
2226 1887 2306 1914 quam
2317 1877 2403 1907 senes.

1307 1915 1375 1981 Hzpc
1386 1916 1462 1946 Valla
1477 1916 1526 1946 lib.
1538 1928 1564 1953 4.
1587 1916 1646 1946 Cic.
1657 1918 1688 1946 iii
1698 1916 1761 1946 Lacl.
1775 1925 1820 1946 20.
1847 1915 1908 1945 Plus
1924 1915 1998 1953 apud
2014 1926 2059 1945 me
2069 1916 2244 1953 antiquorum
2258 1915 2411 1945 authoritas

1310 1963 1343 1982 va
1355 1962 1391 1982 et.

1290 1989 1438 2021 Nobilibus
1460 1992 1579 2029 antiquis
1593 1998 1677 2022 ortus.
1698 1992 1817 2029 Quintil.
1832 1992 1878 2022 lib.
1893 2000 1916 2029 3.
1929 2001 1990 2029 cap.
2003 1996 2029 2025 8.

1289 2028 1377 2066 Stirps
1393 2030 1513 2066 antiqua.
1538 2030 1608 2067 Virg.
1623 2040 1643 2059 1.
1657 2030 1717 2059 AEn.
1733 2033 1796 2060 626.
2178 2048 2182 2053 x

1290 2067 1402 2103 Antiqui
1413 2067 1497 2096 officii
1509 2067 1594 2096 homo
1606 2089 1613 2102 ‚
1635 2077 1685 2106 pro
1700 2067 1970 2098 Sincere-&minime
1979 2064 2079 2095 fallaci.
2111 2064 2169 2094 Cic.
2187 2075 2237 2102 pro
2252 2065 2347 2101 Quint.
2362 2068 2408 2100 56.

1310 2104 1389 2140 Quid
1405 2106 1488 2134 tum‘?
1511 2110 1539 2134 tu
1549 2105 1668 2142 aliquem
1686 2112 1833 2143 patronum
1847 2105 1972 2134 invenies
1983 2103 2125 2133 hominem
2134 2104 2239 2140 antiqui
2248 2103 2342 2138 officii,
2361 2105 2410 2139 qui

1309 2141 1485 2179 splendorem
1495 2143 1617 2171 nostrum
1628 2145 1653 2172 ὁὶ
1664 2144 1777 2180 gratiani
1789 2143 1911 2180 negligat
1920 2143 1933 2170 ‘i
1954 2142 2031 2171 idem
2041 2151 2091 2178 pro
2104 2140 2183 2170 Roi‘c.
2198 2142 2285 2169 Amer.
2310 2142 2340 2172 ln
2354 2151 2409 2177 qua

1308 2180 1425 2210 'muliere
1435 2181 1519 2209 etiam
1531 2190 1605 2210 nunc
1618 2202 1626 2216 ,
1649 2181 1721 2217 quasi
1736 2181 1858 2218 exempli
1872 2180 1950 2209 causa
1963 2201 1970 2215 ,
1990 2179 2100 2216 vestigia
2109 2179 2212 2215 antiqui
2224 2178 2307 2207 officii
2324 2188 2411 2207 rema-

1309 2224 1387 2247 nent.
1434 2218 1516 2254 Quasi
1543 2218 1665 2256 exempli
1685 2219 1772 2248 causa.
1812 2219 1830 2247 i.
1865 2228 1889 2247 e.
1916 2217 1953 2246 Ut
1980 2216 2052 2254 quasi
2079 2216 2236 2246 testimonio
2266 2216 2313 2251 iit,
2340 2217 2410 2246 tliin

1309 2255 1388 2285 fuiffe
1406 2256 1534 2286 homines
1551 2263 1629 2285 tanto
1652 2257 1744 2285 officio
1766 2258 1792 2286 &
1816 2256 1954 2294 probitate
1980 2254 2119 2291 praeditos.
2172 2254 2210 2282 De
2231 2255 2348 2290 antiquis
2371 2254 2412 2282 fe-

1310 2303 1338 2322 re
1349 2294 1386 2323 ita
1396 2294 1537 2331 loquimur
1549 2316 1555 2329 ,
1581 2294 1651 2331 quasi
1660 2304 1757 2324 omnes
1769 2293 1938 2331 aequabiliter
1946 2293 2033 2322 essent
2043 2293 2093 2321 viri
2103 2292 2177 2321 boni.
2200 2291 2305 2320 Eodem
2321 2292 2409 2320 modo

1310 2331 1443 2361 'dicuntur
1454 2332 1565 2368 Antiqui
1575 2331 1703 2361 homines
1713 2354 1721 2367 ,
1743 2332 1789 2369 qui
1798 2332 1905 2370 praediti
1917 2330 1977 2360 sunt
1988 2330 2110 2359 moribus
2122 2330 2248 2366 antiquis.
2270 2330 2287 2357 i.
2303 2339 2326 2358 e.
2350 2330 2415 2366 Op-

1308 2370 1383 2399 timis
1402 2371 1428 2399 ἃ
1448 2369 1657 2408 probatissimis‚
1686 2370 1779 2407 quales
1799 2369 1903 2399 scilicet
1927 2369 2102 2404 antiquorum
2122 2368 2239 2396 fuerunt.
2281 2366 2339 2396 Cic.
2358 2376 2417 2404 pro

1310 2407 1391 2474 501}
1404 2408 1492 2474 Asniefd.
1506 2410 1550 2438 26.
1579 2408 1715 2437 Homines
1732 2408 1837 2445 antiqui
1850 2429 1858 2442 ,
1879 2407 1968 2444 quiex
1979 2405 2025 2434 sua
2035 2412 2132 2434 natura
2141 2411 2254 2434 caeteros
2264 2405 2416 2441 fingerent.

1335 2468 1342 2474 .
1384 2453 1416 2474 iti
1430 2455 1452 2474 c.
1493 2455 1535 2474 eir.

1290 2482 1323 2513 In
1333 2483 1433 2511 eodem
1445 2482 1521 2512 sensu
1532 2477 1644 2517 dicitur,
1655 2482 1748 2512 Homo
1758 2483 1869 2519 antiqua
1881 2481 1983 2511 virtute
1991 2490 2023 2510 ac
2033 2479 2096 2509 fide.
2109 2479 2173 2509 Ter.
2185 2479 2413 2517 Adelph.3.3.89-

1292 2521 1403 2557 Antiqui
1413 2530 1512 2550 mores.
1534 2521 1619 2550 Plaut.
1631 2520 1711 2558 Capt.
1728 2530 1750 2549 1.
1764 2530 1790 2549 2.
1803 2530 1849 2549 20.
1891 2518 1939 2549 Ille
1953 2519 2067 2548 demum
2075 2518 2194 2555 antiquis
2204 2517 2241 2546 est
2252 2517 2413 2546 adcieictns

1310 2558 1445 2588 moribus.
1485 2558 1519 2588 Et
1538 2558 1612 2596 apud
1635 2558 1766 2587 Ennium.

1372 2596 1499 2626 Moribus
1507 2597 1631 2633 Antiquis
1641 2606 1682 2625 res
1694 2596 1744 2624 stat
1756 2595 1882 2624 Romana
1891 2595 2018 2631 virisque.
2100 2592 2245 2630 Adscripsit
2255 2590 2330 2622 H.St.
2340 2599 2411 2630 puto

1310 2634 1350 2701 {st
1356 2634 1474 2701 gpric.
1496 2634 1636 2663 Nimirum
1646 2633 1756 2663 affertur
1765 2643 1800 2662 ex
1811 2633 1892 2669 hujus
1901 2632 1918 2662 l.
1931 2644 1954 2669 5.
1967 2632 2001 2661 de
2009 2631 2079 2669 Rep.
2094 2631 2127 2660 ab
2138 2631 2245 2667 August.
2257 2630 2274 2660 l.
2287 2639 2312 2659 2.
2323 2640 2346 2659 c.
2359 2640 2404 2660 αι.

1332 2681 1347 2701 e
1382 2695 1388 2701 .
1430 2695 1436 2700 .

1292 2710 1411 2747 Antiqua
1430 2709 1575 2747 disciplina
1593 2709 1625 2738 V.
1646 2709 1676 2738 in
1693 2707 1855 2746 Disciplina.
1896 2703 1927 2736 V.
1950 2707 1981 2736 in
1997 2706 2111 2736 Nizolio
2131 2704 2284 2740 didascalo,
2305 2704 2351 2733 ubi
2371 2705 2409 2735 de

1312 2747 1425 2777 Nizolio
1442 2747 1568 2782 dicente,
1600 2745 1684 2776 Bonis
1704 2746 1876 2785 temporibus
1900 2756 1915 2774 a
1933 2744 2068 2775 Cicerone
2090 2744 2146 2773 dici
2172 2752 2222 2781 pro
2241 2743 2407 2779 Antiquitus.

1312 2785 1344 2814 V.
1367 2795 1493 2814 Mones.
1516 2785 1550 2814 H.
1567 2785 1606 2814 St.

1292 2823 1426 2860 Antiquos
1436 2824 1521 2852 etiam
1530 2823 1633 2852 dicitur
1642 2845 1650 2857 ,

1310 2862 1421 2896 junt‘tus
1430 2861 1519 2895 est.ut,
1534 2861 1668 2898 Antiquos
1681 2861 1795 2893 amicus,
1808 2860 1941 2895 Antiquus
1953 2857 2059 2895 hospes.
2083 2857 2166 2886 Plaut.
2191 2855 2347 2890 Bacch.2.3.
2358 2865 2405 2892 27.

1292 2899 1445 2935 Antiquos,
1468 2900 1516 2936 qui
1528 2898 1616 2927 verbis
1635 2898 1755 2934 antiquis
1770 2899 1796 2926 Sc
1809 2897 1903 2935 priscis
1922 2896 2016 2924 utitur·
2065 2894 2171 2924 Dicitur
2185 2896 2211 2922 ἃς
2227 2893 2410 2930 Antiquarius.

1312 2936 1370 2966 Cic.
1388 2937 1417 2965 in
1430 2935 1503 2965 Brut.
1518 2946 1578 2972 137.
1620 2936 1741 2965 Fuerunt
1755 2936 1836 2964 etiam
1849 2935 1877 2963 in
1890 2940 2029 2963 oratorum
2047 2940 2162 2961 numero
2178 2930 2361 2959 mediocrium
2373 2931 2409 2960 L-

1310 2976 1337 3004 ἃ.
1355 2974 1401 3011 Sp.
1425 2973 1556 3003 Mummii
1573 2974 1685 3008 fratres,
1707 2982 1825 3010 quo-:uni
1841 2978 1936 3001 extant
1951 2970 2094 2999 amborum
2114 2969 2252 3010 orationes
2262 2978 2267 2996 :
2291 2967 2410 3005 simplex

1311 3012 1424 3049 quidem
1447 3011 1547 3040 Lucius
1559 3013 1585 3041 ὃς
1598 3012 1747 3048 antiquus,
1767 3011 1880 3048 Spurius
1898 3016 2007 3040 autem,
2028 3009 2078 3037 &a
2124 3006 2169 3035 Sic
2190 3004 2286 3035 Laelius
2305 3006 2408 3036 dicitur

1311 3049 1447 3079 Vetustior
1466 3049 1495 3078 iri
1505 3049 1605 3078 eodem
1618 3049 1711 3078 Bruto.
1752 3048 1782 3077 V.
1806 3047 1929 3077 Vetustus
1939 3068 1947 3081 ,
1968 3046 1996 3074 in
2017 3055 2033 3073 v
2043 3054 2057 3073 E
2067 3053 2085 3072 ‘r
2096 3053 2114 3072 u
2123 3053 2143 3072 s.

1291 3088 1444 3124 Antiquum
1458 3096 1508 3124 pro
1527 3087 1648 3116 Pristino.
1692 3086 1756 3115 Ter.
1778 3085 1855 3115 Adel.
1875 3097 1898 3122 ς.
1919 3093 1941 3121 3.
1957 3086 2000 3112 26·
2037 3078 2159 3111 Eundem
2174 3079 2251 3110 illam
2269 3081 2410 3112 rationem

1310 3126 1452 3162 antiquam
1465 3124 1572 3153 obtine.
1848 3156 1849 3159 Ἴ
2114 3155 2120 3160 ,

1292 3163 1464 3200 Antiquom,
1487 3161 1618 3191 absolute.
1653 3160 1738 3190 Plaut.
1759 3160 1866 3197 Mostel.
1883 3168 1904 3195 3.
1919 3166 2016 3187 2102·
2034 3194 2039 3199 ·
2057 3156 2208 3192 Antiquum
2231 3154 2340 3192 obtines
2352 3155 2409 3186 hoo

1311 3206 1409 3236 tuum,
1431 3200 1523 3229 tardus
1536 3207 1566 3228 ut
1582 3200 1622 3228 sis.
1652 3198 1717 3227 Ter.
1730 3199 1810 3227 Andr.
1822 3209 1847 3232 4.
1861 3200 1885 3225 6.
1898 3205 1940 3225 22.
1973 3195 2087 3231 Optime
2099 3192 2197 3230 hospes
2210 3193 2256 3230 pol
2274 3193 2350 3222 Crito
2360 3204 2409 3223 an-

1309 3239 1418 3275 tiquum
1429 3239 1547 3267 obtines.
1570 3238 1588 3266 i.
1605 3248 1629 3266 e.
1649 3235 1735 3272 Quod
1750 3235 1853 3272 antiqui
1872 3234 2000 3262 solebant.
2025 3233 2076 3260 Aut
2086 3230 2354 3273 certetisellipffs,
2377 3238 2410 3261 nc

1310 3276 1505 3306 subaudiamus
1520 3274 1675 3312 ingenium,
1695 3273 1739 3302 vel
1749 3273 1889 3305 animum,
1911 3269 1953 3298 vel
1965 3277 2089 3303 morem,
2110 3267 2152 3296 vel
2162 3268 2326 3299 institutum.
2367 3269 2409 3300 Ex

1311 3313 1433 3344 Donato.
1472 3314 1586 3349 [immo
1599 3320 1668 3350 puto
1684 3311 1776 3340 laudat
1788 3309 1944 3346 simpliciter
1955 3306 1987 3336 ab
2000 3309 2076 3335 Ante.
2098 3305 2132 3334 H.
2152 3306 2190 3334 St.

1292 3353 1445 3389 Antiquom
1458 3373 1466 3386 ,
1489 3350 1597 3380 Nobile.
1621 3349 1692 3386 Virg.
1708 3358 1729 3377 1.
1747 3347 1811 3390 ffin.
1829 3356 1888 3383 5³¹·

1372 3389 1459 3419 Terra
1475 3389 1587 3424 antiqua
1600 3409 1608 3423 ,
1629 3393 1728 3424 potens
1746 3393 1833 3413 armis.

1312 3427 1386 3456 bilis.

1292 3466 1444 3502 Antiquum
1458 3486 1465 3499 ,
1487 3463 1629 3500 Magnum.
1659 3460 1729 3496 Virg.
1747 3469 1772 3488 2.
1790 3458 1966 3500 Georg3174.
2046 3493 2051 3499 ,
2116 3496 2118 3498 .
2137 3493 2142 3498 .

1453 3518 1490 3521 -
1509 3509 1550 3530 res
1568 3500 1685 3535 antiquae
1700 3497 1787 3526 laudis
1802 3498 1827 3525 S:
1847 3503 1917 3524 artis
1999 3493 2054 3523 Ubi
2069 3493 2194 3529 Sei-vius,
2214 3495 2339 3532 Antiquze
2353 3495 2411 3524 lau-

1314 3541 1356 3570 dis
1371 3562 1379 3575 ‚
1407 3538 1451 3568 vel
1471 3538 1596 3575 Magum,
1626 3535 1670 3564 vel
1691 3534 1766 3571 quod
1785 3533 1859 3571 apud
1879 3533 1997 3569 majores
2024 3532 2054 3560 in
2071 3531 2179 3568 ingenti
2198 3532 2306 3564 honore
2324 3533 2410 3563 fuerat

1311 3576 1484 3616 agricultura.
1698 3609 1702 3614 ¹
2423 3575 2426 3578 ⁴

1295 3616 1446 3653 Antiquom
1458 3634 1465 3646 ‚
1486 3622 1536 3650 pro
1552 3611 1650 3640 Charo.
1672 3608 1743 3651 Virg.
1758 3607 1864 3650 2.·]F.n.
1881 3617 1941 3644 137.
1990 3635 2003 3640 „
2066 3644 2071 3650 ¹

1376 3653 1435 3682 Nec
1451 3650 1520 3679 mihi
1540 3650 1593 3683 iam
1609 3653 1725 3685 patriam
1742 3654 1883 3687 antiqiiam
1899 3645 1959 3683 spes
1972 3643 2029 3673 ulla
2045 3644 2171 3674 videndi.

1672 2822 1729 2858 Qui
1748 2821 1829 2851 nobis
1845 2831 1880 2850 ex
1902 2817 1987 2857 longo
2008 2821 2034 2849 ἃ
2055 2819 2185 2848 diuturno
2199 2824 2323 2854 tempore
2340 2827 2407 2847 con-

1890 3382 1942 3411 Ubi
1959 3381 2087 3416 Servius,
2109 3381 2248 3418 Antiqua:
2270 3381 2288 3411 i.
2304 3391 2329 3412 e.
2351 3382 2409 3413 No.

2262 3643 2411 3674 Turnebus

1314 3700 1379 3720 vero
1397 3688 1532 3718 existimat
1549 3695 1613 3714 cum
1632 3683 1801 3719 transfugam
1814 3683 1920 3711 simulet
1933 3703 1941 3718 ,
1963 3682 2009 3719 qui
2026 3683 2080 3718 jam
2100 3682 2188 3712 solum
2202 3684 2313 3712 mutarit
2330 3685 2355 3712 ἃ
2367 3693 2413 3720 pa-

1315 3729 1414 3761 triam,
1440 3725 1516 3754 velut
1535 3731 1634 3751 novam
1651 3730 1791 3757 novasque
1805 3720 1881 3750 sedes
1900 3720 1985 3750 exilio
2006 3720 2158 3756 qucei'ierit,
2189 3729 2253 3748 euni
2275 3721 2413 3759 appellare

1288 3781 1292 3785 —
1316 3765 1432 3804 patriani
1449 3762 1609 3798 Antiquam,
1630 3758 1747 3796 patriam
1767 3756 1921 3794 Pristinam,
1943 3758 2020 3794 cujus
2034 3757 2120 3786 solum
2141 3758 2269 3793 verterit,
2292 3761 2318 3788 ὅ(
2336 3759 2414 3791 cuius

1318 3800 1497 3835 amiseritjus.
1536 3797 1577 3826 Est
1591 3797 1667 3826 enim
1674 3795 1793 3832 Antiqua
1808 3797 1912 3833 patria,
1933 3805 2011 3833 aqua
2020 3795 2203 3832 demigratum
2215 3795 2252 3823 est
2261 3796 2305 3825 vel
2316 3806 2331 3825 a
2341 3794 2416 3824 eolo-

1318 3840 1378 3872 nis,
1406 3837 1449 3866 vel
1469 3835 1596 3865 exulibus
1609 3856 1616 3869 ‚
1647 3833 1690 3863 vel
1706 3834 1862 3872 transfugis.
1913 3833 1960 3864 Sic
1983 3833 2073 3870 ‘syrus
2093 3833 2182 3864 Didus
2200 3832 2312 3870 antiqua
2328 3832 2416 3871 patria

1320 3876 1420 3907 dicitur
1440 3874 1513 3911 Virg.
1527 3884 1553 3910 4.
1574 3872 1635 3903 AEn.
1648 3876 1710 3909 ⁶70⁴·
2340 3906 2345 3911 .

2283 3907 2418 3943 Antiquus
